3534 5342
533 597 578 642 nn
603 595 759 642 ornuuorr
784 596 923 645 camum
1274 589 1312 649 27

144 849 233 896 uero
263 823 358 896 inter
390 814 607 921 gerundium
627 821 779 895 amandi
796 822 979 921 patriam,
1005 836 1041 896 et
1072 822 1314 920 gerundiuum

143 940 329 1013 amandae
339 939 504 1038 patriae,
525 938 675 1012 eandem
691 938 863 1011 interesse
878 939 1053 1011 rationem
1067 939 1079 980 ¹
1096 964 1204 1037 quam
1224 938 1316 1010 inter

144 1056 295 1129 modum
317 1056 471 1128 Romani
492 1055 667 1128 sermonis
683 1053 960 1152 impersonalem
976 1066 1137 1143 amatur,
1154 1065 1316 1127 amotum

142 1183 212 1260 est,
235 1171 430 1244 amandum
449 1182 514 1262 est,
538 1184 573 1243 et
597 1169 742 1243 modum
765 1170 989 1267 personalem
1003 1169 1135 1268 patrio
1153 1181 1314 1258 amatur,

143 1299 275 1359 amota
299 1300 363 1377 est,
390 1285 550 1360 amando
569 1299 645 1358 est:
667 1285 715 1358 ita
741 1300 779 1357 ut
806 1285 1024 1382 gerundium
1049 1285 1136 1356 nihil
1155 1284 1250 1359 aliud
1272 1285 1317 1357 sit

143 1429 257 1501 quam
271 1403 463 1501 gerundiui
479 1403 607 1475 modus
622 1399 887 1500 impersonaliS,
905 1400 1061 1499 obliquis
1076 1401 1138 1499 qui
1151 1401 1317 1474 dicuntur

143 1518 293 1591 casibus
308 1533 528 1616 usurpatus,
552 1543 635 1590 cum
662 1543 733 1618 quo
756 1514 1032 1589 conferendum⁹
1048 1541 1125 1589 esse
1149 1530 1316 1590 neutrum

143 1633 297 1731 perlecti
316 1634 450 1731 passini
467 1634 630 1706 absolute
646 1658 709 1706 seu
725 1632 803 1705 sine
819 1632 979 1705 subiecto
995 1632 1175 1731 positum:
1193 1644 1317 1730 optato

143 1751 281 1845 (Plaut.
296 1751 432 1849 Ampli.
447 1751 547 1844 658),
562 1749 723 1822 consulto
734 1749 858 1842 (Poen.
876 1750 975 1846 788),
992 1760 1177 1846 oupuroto
1190 1747 1278 1826 lLiv.
1292 1774 1314 1818 1.

150 1867 253 1959 ι8.5)
268 1867 440 1956 consulto,
461 1880 599 1938 mature
607 1867 717 1964 sacto
732 1889 824 1963 opus
841 1879 893 1937 est
910 1863 1006 1947 (Sall.
1026 1864 1106 1937 Cot.
1128 1891 1157 1935 1.
1174 1863 1226 1957 6),
1247 1876 1314 1935 cet.

198 1983 297 2056 Haec
318 1997 355 2055 ut
371 1983 520 2054 minime
544 1981 760 2080 spernenda,
789 1980 839 2052 ita
858 1993 961 2053 caute
976 1979 1183 2078 accipienda
1200 1991 1286 2051 sunt
1307 2006 1315 2050 :

146 2099 317 2172 uidentur
351 2097 447 2169 enim
482 2097 568 2169 mihi
597 2097 674 2194 ipsa
710 2120 813 2187 uera,
846 2095 891 2168 ad
928 2093 1127 2188 doctrinam
1164 2092 1319 2168 auctoris

145 2215 261 2288 relata
279 2213 369 2286 falsa
388 2213 519 2311 partim
542 2227 728 2311 apparent.

198 2329 292 2401 Nam
317 2329 414 2427 quod
442 2329 486 2401 ad
512 2354 573 2401 eos
592 2341 742 2426 spectat,
765 2326 826 2426 qui
852 2326 975 2399 dicunt
994 2351 1013 2399 e
1032 2325 1209 2425 gerundio
1237 2350 1319 2397 cnm

148 2440 1318 2543 obiectopositogerundiuumortum,itautexamondipatriam,

148 2560 333 2633 amandae
345 2560 495 2658 patriae
515 2559 681 2649 oriretur,
707 2559 783 2631 iure
811 2572 935 2631 contra
963 2557 1049 2630 dicit
1075 2556 1317 2630 Weisweiler.

150 2676 337 2749 Gerundio
371 2675 466 2748 enim
503 2675 602 2773 prius
634 2674 745 2747 fuisse
777 2673 1019 2772 gerundiuum
1056 2675 1208 2746 suadent
1238 2698 1319 2746 cum

149 2806 274 2866 uetera
307 2791 452 2889 linguae
486 2793 663 2863 Oscorum
687 2803 722 2863 et
750 2790 971 2863 Umbrorum
1004 2804 1249 2878 monumenta,
1282 2788 1319 2859 in

151 2907 286 3006 quibus
296 2907 364 2979 hoc
379 2906 574 2997 interdum,
590 2905 678 2978 illud
693 2930 878 3003 nunquam
886 2905 1070 2978 inuenitur
1079 2904 1105 2994 ³,
1119 2920 1194 2977 tum
1213 2903 1320 2976 etiam

152 3024 253 3122 quod
270 3023 488 3122 gerundium
507 3048 590 3096 cum
610 3021 749 3094 obiecto
769 3020 938 3119 positum,
958 3021 1025 3094 etsi
1049 3020 1135 3093 satis
1154 3019 1321 3118 frequens

151 3153 209 3212 est
233 3165 274 3212 ea
300 3164 393 3238 quae
424 3138 554 3211 dicitur
580 3151 750 3235 argentea
777 3150 903 3226 aetate,
938 3137 975 3208 in
1007 3161 1113 3209 aurea
1136 3150 1256 3209 tamen
1288 3149 1323 3208 et

153 3254 312 3328 maxime
340 3254 377 3326 in
397 3254 526 3352 priscis
551 3253 788 3351 temporibus,
818 3278 883 3326 nec
909 3278 1016 3350 saepe
1039 3277 1104 3324 nec
1124 3252 1193 3324 nisi
1217 3251 1322 3324 certis

153 3370 441 3460 condicionibus,
472 3369 657 3469 -apparet⁴.
698 3371 821 3468 ltaque
857 3367 1084 3467 grammatici
1116 3367 1249 3457 dicant,
1292 3367 1322 3438 si

155 3487 286 3586 placet,
301 3487 546 3585 gerundiuum
561 3511 626 3584 pro
641 3486 820 3584 gerundio
835 3510 916 3557 cum
932 3483 1072 3557 obiecto
1088 3483 1204 3582 poni,⁵
1215 3484 1323 3555 modo

155 3604 193 3676 id
207 3602 404 3676 concedant
413 3601 623 3676 scholastice
634 3601 718 3691 dici,
728 3627 800 3699 quo
815 3599 1070 3672 adulescentuli
1086 3598 1225 3671 facilius
1237 3598 1324 3696 quid

155 3733 379 3818 proponatur
399 3719 556 3816 capiant,
580 3717 631 3790 rei
650 3717 837 3791 ueritatem
857 3716 997 3788 tradere
1022 3741 1067 3787 ne
1091 3714 1320 3788 contendant.

158 3836 354 3933 Hucusque
376 3834 516 3932 placitis
542 3833 771 3906 Weisweiler
794 3831 959 3905 assentiri
986 3825 1146 3929 possum.

208 3952 279 4025 Sed
295 3951 380 4023 dum
392 3963 577 4048 comparat
591 3948 928 4047 amandipotriom,
942 3961 976 4020 et
991 3944 1325 4044 amandoepatrine

160 4094 239 4142 cum
274 4067 483 4155 amandum,
503 4077 554 4139 est
579 4065 747 4164 patriam
775 4079 810 4138 et
834 4061 967 4162 potrio
997 4063 1156 4136 amando
1188 4073 1254 4152 est,
1289 4061 1324 4133 id

163 4183 301 4257 cautius
321 4182 434 4280 accipi
455 4182 572 4256 debet.

192 4457 214 4508 1.
235 4457 435 4514 Weiswnnnn,
451 4455 471 4505 t.
489 4456 511 4506 t.
531 4468 561 4518 p.
581 4455 619 4514 73,
635 4455 673 4513 83,
692 4455 733 4506 84.

192 4537 216 4588 t.
238 4538 438 4595 Wurswsnua,
454 4535 475 4587 t.
493 4536 514 4586 t.
530 4548 560 4599 p.
580 4535 619 4594 st.
637 4536 678 4586 85.

192 4620 217 4668 3.
238 4617 281 4668 cl.
302 4617 410 4679 Supra,
426 4631 456 4680 p.
475 4618 501 4666 5.

190 4698 214 4748 l.
235 4697 276 4748 Cf.
294 4709 365 4760 quae
387 4697 420 4746 de
437 4696 530 4746 Plauti
550 4708 604 4745 usu
621 4696 827 4752 Hnannuaarn,
844 4707 870 4757 p.
882 4694 913 4744 50
930 4706 989 4755 sq.;
1008 4693 1038 4742 68
1056 4703 1107 4754 sq,
1121 4693 1183 4746 cet..
1202 4688 1324 4752 scripsit,

162 4772 196 4822 de
209 4773 308 4823 ceteris
325 4772 525 4828 Wurswunmr,
547 4771 568 4821 l.
585 4769 604 4822 l.
621 4785 651 4834 p.
674 4770 717 4820 109
734 4783 776 4834 sq.

192 4854 217 4904 5.
238 4854 370 4903 mannua
385 4856 412 4902 et
427 4852 567 4908 Gorneas,
587 4849 879 4915 crematorum,
898 4849 982 4909 §576;
1007 4849 1220 4904 Wnrssnurnns
1238 4844 1324 4907 Sunt.

164 4926 214 4980 tat.
230 4931 241 4990 a
257 4929 300 4982 aot
316 4927 346 4978 u.
363 4943 370 4990 ;
388 4928 437 4980 uu
450 4927 592 4991 permulti.
741 4905 753 4944 ‘
