3534 5342
538 557 583 602 un
608 555 797 603 uaauunrvr
823 557 954 602 ennena
1292 549 1326 606 11

160 790 284 889 lingua
300 804 417 890 potest
431 789 684 879 animaduerti,
700 788 737 860 in
759 816 829 889 qua
850 789 1057 879 soluendus,
1075 790 1201 863 eodem
1221 815 1329 862 sensu

159 933 231 1005 quo
257 908 402 979 uoluens
428 907 469 1005 (=
484 907 629 980 uoluens
651 907 703 1000 se)
732 919 940 1003 usurpatur,
961 919 1001 978 ut
1018 905 1058 979 fit
1077 905 1174 1004 apud
1197 904 1330 1004 Vergi-

160 1023 277 1095 lium:
305 1021 526 1097 volventibus
544 1021 650 1094 ennis
674 1021 764 1094 AEn.
788 1049 811 1094 1.
836 1022 920 1112 234,
948 1021 1130 1094 uolueudis
1154 1020 1330 1094 mensibus

159 1141 274 1236 ποθι),
307 1139 484 1212 uoluendu
519 1137 593 1212 dies
627 1164 717 1235 rx.7.
753 1140 826 1210 lam
863 1163 949 1211 uero
978 1137 1075 1236 quod
1110 1137 1155 1210 ad
1182 1137 1331 1210 uoluen-

159 1255 228 1327 dus
262 1254 414 1345 attinet,
452 1279 534 1327 cum
567 1280 609 1327 ea
640 1253 756 1352 figura
790 1254 834 1326 ad
867 1279 997 1326 aeuum
1030 1253 1327 1350 exprimendum,

161 1384 290 1468 poetae
309 1370 426 1442 Latini
445 1383 506 1442 aut
528 1383 668 1443 ueteres
690 1383 751 1442 aut
770 1383 931 1442 ueterum
952 1369 1148 1442 imitatores
1165 1383 1327 1461 utuntur,

160 1487 361 1559 *Homerum
394 1487 564 1575 maxime,
593 1499 632 1559 ut
659 1486 801 1558 Dosson
827 1484 1015 1576 intellexit,
1047 1485 1173 1557 sectari
1201 1485 1332 1557 uiden-

162 1615 233 1674 tur.
268 1602 360 1674 Nam
397 1602 588 1675 Homerica
622 1603 895 1698 (περιτελλομένων
929 1608 1076 1672 ἐνιαυτῶν
1107 1600 1151 1674 Il.
1181 1627 1216 1672 11.
1245 1602 1328 1673 551.

161 1729 386 1815 περιπλομένου
406 1726 547 1790 ἐνιαυτοῦ
571 1717 638 1789 Od.
664 1743 686 1788 1.
715 1717 769 1788 16.
794 1745 842 1788 xl.
867 1716 948 1811 248)
977 1715 1037 1787 illa
1068 1716 1278 1789 Lucretiam}
1297 1729 1332 1788 et

161 1833 370 1931 Vergiliana
390 1833 583 1930 (uoluendu
607 1845 708 1906 netes
732 1833 781 1904 Ν.
804 1833 851 1904 Β.
869 1860 905 1904 v.
933 1833 1036 1931 1274,
1061 1831 1238 1904 uoluendu
1257 1831 1332 1904 dies

162 1952 255 2023 AEu.
287 1951 367 2046 qt,
394 1947 579 2022 uoluendis
606 1947 782 2021 mensibus
810 1949 901 2020 AEn.
931 1976 954 2019 1.
990 1949 1075 2045 269)
1104 1947 1148 2020 ad
1183 1946 1331 2021 uerbum

159 2065 332 2140 referunt.
360 2066 407 2137 At
437 2065 474 2136 in
502 2065 558 2136 his
582 2064 670 2137 loeis
696 2063 805 2136 uerba
836 2063 972 2138 Graeca
1000 2064 1117 2137 media
1142 2089 1220 2136 esse
1248 2088 1330 2136 eum

166 2208 272 2255 nemo
293 2208 363 2255 non
384 2181 550 2272 fateatur,
573 2180 699 2253 Latina
718 2180 799 2279 quis
817 2179 893 2252 iure
913 2180 1042 2278 neget?

222 2315 265 2388 Et
283 2315 371 2388 illud
391 2315 428 2386 in
448 2314 621 2388 rationem
643 2314 894 2387 adducendum
912 2326 966 2385 est
987 2313 1083 2412 quod
1103 2313 1139 2383 in
1158 2311 1334 2386 eiusmodi

170 2431 258 2505 locis
290 2431 409 2504 Latini
439 2444 565 2529 poetae
584 2429 730 2502 uoluens
762 2454 844 2501 uum
878 2442 1030 2502 metrum
1068 2428 1196 2526 poscit,
1233 2454 1335 2502 secus

168 2545 376 2636 soluendus,
421 2572 563 2644 semper
599 2545 798 2619 adhibent:
837 2569 920 2618 nam
952 2544 1153 2642 Vergilius,
1193 2544 1227 2615 in
1262 2544 1333 2617 ime

166 2663 272 2737 metri
287 2662 466 2736 uoluentis
478 2663 663 2760 plaustra,
687 2661 910 2736 uoluentt'bus
929 2661 1035 2733 annis
1055 2659 1151 2734 dicit.
1171 2662 1219 2733 At
1235 2661 1334 2732 salua

167 2782 305 2854 ratione
326 2779 473 2853 metrica
491 2803 572 2850 cum
596 2790 717 2876 posset
731 2777 917 2850 Lueretius
939 2801 958 2846 ι(
975 2776 1154 2850 uoluens»
1177 2776 1334 2848 inserere

168 2897 296 2986 noluit,
318 2895 382 2968 sed
400 2895 449 2967 ita
468 2892 637 2990 scripsit:

227 3065 278 3126 Sic
293 3064 423 3126 uolenda
434 3073 517 3124 aetas
531 3071 699 3123 commutat
708 3071 843 3144 tempora
858 3083 961 3122 rerum
975 3062 1027 3142 (N.
1043 3061 1081 3123 R.
1099 3083 1127 3136 v,
1154 3062 1253 3140 1274).

219 3218 331 3316 lgitur
366 3217 518 3290 testibus
549 3214 706 3288 Romani
742 3215 912 3287 carminis
943 3215 1101 3314 antiquis
1140 3215 1336 3287 uoluendus
1435 3248 1437 3254 ·

167 3334 284 3407 forma
307 3333 424 3406 media
444 3333 598 3405 uidetur.

218 3452 291 3522 lam
312 3448 488 3522 oriundus
518 3446 680 3546 plerique
707 3445 904 3545 etymologi
928 3446 973 3519 ad
1004 3448 1153 3521 eandem
1186 3447 1334 3545 stirpem

169 3565 341 3654 referunt,
364 3564 457 3637 unde
487 3576 592 3661 ὄρνυρι
619 3575 786 3660 repetunt
817 3589 825 3634 :
861 3575 955 3634 certe
984 3563 1081 3661 quod
1113 3563 1158 3636 ad
1190 3589 1335 3635 sensum

168 3681 335 3779 pertinet,
354 3705 426 3752 non
445 3679 491 3752 ad
507 3681 591 3777 ὁρνυς
609 3678 671 3750 sed
691 3678 736 3751 ad
757 3679 916 3775 ὀρνύμενος
932 3677 1157 3751 referendum
1180 3679 1332 3751 uidetur.

220 3812 384 3913 Denique
416 3812 591 3884 secundus
623 3811 780 3883 maxime
816 3811 899 3882 huie
932 3811 1128 3884 sententiae
1157 3811 1271 3901 fauet,
1302 3825 1337 3884 et

169 3929 359 4002 nobiseum
374 3927 470 4000 facit.
493 3927 608 4001 Testis
637 3926 732 4000 enim
759 3940 814 3998 est
841 3926 932 3998 inter
951 3951 1077 3999 omnes
1097 3927 1278 4025 egregius
1303 3940 1337 4000 et

169 4047 267 4145 quod
299 4043 559 4142 antiquissimis
591 4042 836 4116 monumentis
859 4057 1021 4140 apparet,
1053 4056 1088 4115 et
1122 4043 1218 4141 quod
1247 4068 1337 4140 quas

169 4160 398 4259 significandi
432 4159 528 4231 uices
554 4158 720 4231 habuerit
752 4158 839 4231 satis
866 4172 991 4230 notum
1025 4172 1091 4231 est.
1123 4157 1335 4256 Exemplum

171 4275 270 4350 uoeis
282 4274 464 4372 eLepibus
473 4272 588 4372 raptis
597 4273 748 4371 petitum
763 4273 835 4345 iam
851 4287 932 4346 ante
943 4273 1159 4371 protulimus
1168 4272 1337 4371 (secunda

172 4390 306 4492 spolie)
329 4390 460 4489 quibus
479 4390 548 4463 hoe
567 4389 661 4460 Enni
685 4389 815 4461 addam
838 4415 845 4461 :
1182 4363 1187 4388 l

370 4571 403 4632 Si
419 4581 447 4632 te
470 4570 610 4634 seeundo
633 4569 749 4631 lumine
768 4569 817 4631 hic
835 4569 998 4648 offendere,

371 4669 509 4732 Moriere.
533 4669 625 4747 (Eun.
645 4667 732 4732 Med.
757 4668 869 4750 fragm.
893 4691 935 4742 xi,
952 4690 981 4727 v.
1000 4669 1144 4748 aqi-275)

1143 4753 1148 4760 .

222 4830 293 4904 Sed
311 4829 485 4902 secundus
501 4828 638 4902 aetiuae
652 4855 730 4902 esse
749 4829 1023 4928 significationis
1042 4854 1167 4902 omnes
1185 4853 1339 4902 eonsen-
