3534 5342
429 633 448 689 8
721 641 764 686 DE
789 641 977 690 GERUNDIVI
1002 643 1037 688 Vl
1063 641 1302 705 ANTIQUISSIMA

429 880 469 938 ut
483 868 645 940 omittam
660 867 772 941 lndici
793 869 893 941 uerbi
907 869 1086 966 genusita
1101 868 1274 967 distingui
1290 863 1329 942 ut
1347 869 1495 942 alteram
1513 867 1598 941 sibi·

430 982 1596 1082 metipsiuoeem¹,alteramoliiuoeemhabeat,Graecumuerbum

429 1112 489 1171 aut
504 1099 661 1172 medium
676 1113 730 1171 est
740 1113 801 1172 aut
811 1101 981 1173 actiuum.
997 1103 1046 1173 At
1059 1100 1174 1174 medio
1186 1126 1248 1174 seu
1264 1099 1449 1200 resteaeiuo
1464 1100 1598 1173 uerbo²

429 1239 509 1286 cum
546 1215 622 1287 lndi
657 1228 734 1287 tum
770 1215 899 1288 Graeci
931 1242 1038 1315 saepe
1067 1231 1216 1289 utuntur
1242 1217 1287 1289 ad
1323 1216 1594 1314 exprimendam

422 1328 612 1429 possiuom
639 1330 952 1427 significationem.
982 1333 1107 1431 Neque
1127 1332 1163 1404 id
1190 1332 1334 1431 quidem
1364 1331 1496 1403 mirum
1516 1344 1594 1403 est:

430 1471 528 1528 nam,
551 1461 588 1518 ut
606 1447 728 1519 docuit
748 1447 976 1520 doctissimus
995 1448 1051 1519 uir
1069 1449 1119 1519 M.
1135 1447 1276 1536 Brea13,
1295 1473 1315 1520 a
1334 1447 1531 1520 maioribus
1549 1447 1596 1519 ita

429 1562 625 1635 sententiae
640 1561 731 1634 ratio
751 1562 914 1636 instituta
930 1577 1038 1636 estut
1055 1563 1092 1635 in
1108 1589 1162 1653 ea,
1179 1563 1282 1662 quasi
1295 1563 1333 1634 in
1348 1563 1468 1635 fabula
1484 1577 1594 1650 actor,

429 1676 629 1751 subiectum
649 1703 792 1776 semper
817 1679 958 1776 agentis
980 1681 1076 1752 uices
1100 1693 1212 1777 gerat
1243 1681 1365 1777 ltaque
1384 1679 1429 1751 ad
1452 1704 1597 1751 sensum

429 1793 572 1890 passiue
593 1791 848 1866 declarandum
867 1795 1050 1866 reflexiuis
1066 1819 1128 1867 seu
1149 1795 1276 1867 mediis
1297 1794 1454 1866 maxime
1474 1793 1597 1867 formis

429 1909 605 2000 usisunt,
636 1909 674 1981 in
699 1909 831 2008 quibus
856 1910 1057 1983 subiectum
1084 1924 1124 1982 ut
1151 1935 1263 2008 agens
1289 1910 1336 2004 (in
1362 1936 1399 1982 se
1426 1923 1488 1982 aut
1512 1908 1596 2004 sibi)

430 2025 670 2098 induceretur.

480 2142 585 2232 Quod
604 2141 652 2214 ita
679 2141 812 2214 lactum
833 2168 911 2214 esse
934 2142 970 2212 in
991 2142 1117 2214 Latino
1144 2167 1323 2231 sermone,
1351 2156 1386 2214 et
1405 2141 1497 2214 ratio
1518 2141 1597 2238 ipsa

431 2271 577 2354 propter
602 2257 753 2355 originis
782 2257 1053 2330 similitudinem
1076 2283 1116 2329 ac
1137 2258 1432 2356 communitatem
1457 2256 1594 2345 suadet,

431 2386 466 2444 et
480 2385 600 2444 uetera
615 2372 814 2445 litterarum
830 2387 1062 2444 monumenta
1078 2387 1265 2445 testantur.
1283 2373 1375 2445 Nam
1392 2372 1499 2444 simul
1515 2397 1596 2443 cum

431 2487 482 2560 eis
504 2486 629 2559 formis
649 2488 790 2580 mediiS,
810 2513 901 2587 quae
921 2514 1002 2560 cum
1023 2488 1121 2580 alibi,
1145 2503 1221 2561 turn
1241 2489 1398 2560 maxime
1418 2487 1455 2559 in
1477 2475 1597 2560 uerbis

411 2602 684 2701 deponentibus
726 2618 918 2702 apparent,
964 2603 1075 2676 luisse
1107 2604 1274 2677 uidentur
1313 2604 1421 2676 etiam
1460 2602 1597 2675 actiuae

431 2716 581 2810 formae,
599 2744 751 2817 quorum
769 2719 883 2790 maior
899 2745 982 2816 pars
1000 2720 1158 2809 euanuit,
1181 2745 1315 2817 paucae
1329 2731 1593 2791 remanserunt.

432 2835 482 2905 lta
501 2859 582 2906 curn
597 2833 780 2933 prpneror
792 2835 952 2932 pt‘pnero
977 2835 1163 2924 remansit,
1180 2836 1254 2908 ‘sed
1273 2861 1354 2908 cum
1383 2847 1465 2906 utor
1487 2832 1597 2905 luisse

431 2949 612 3046 quondam
646 2951 739 3038 *uto,
769 2951 865 3049 quod
896 2950 1013 3046 periit,
1047 2951 1194 3022 Catonis
1224 2950 1313 3024 utr'to
1348 2953 1460 3048 (ΑΨ.
1497 2947 1569 3020 Cat
1585 3004 1593 3019 .

432 3066 583 3162 96,123)
608 3065 790 3138 admonet.
811 3067 928 3163 Atque
953 3065 1088 3138 formae
1120 3065 1258 3138 mediae
1278 3066 1423 3163 passiua
1454 3065 1597 3162 signifi-

432 3180 571 3252 catione
589 3180 769 3253 interdum
784 3180 1067 3275 adhibitaeusunt
1082 3209 1089 3252 :
1110 3182 1207 3280 quod
1223 3182 1267 3255 de
1280 3182 1391 3254 uerbo
1399 3178 1600 3280 pr'pnerori

432 3310 567 3367 certum
584 3308 650 3384 esi,
668 3296 712 3368 de
731 3296 841 3368 uerbo
857 3295 910 3368 uti
918 3295 1053 3368 Gellius
1067 3299 1209 3394 (1523)
1225 3310 1385 3370 testatur.

482 3421 604 3517 ltaque
627 3420 724 3518 quod
744 3420 788 3492 ad
811 3419 1093 3510 usumlattinet‚
1120 3435 1160 3493 ut
1183 3421 1220 3492 in
1248 3421 1369 3493 lndica
1398 3437 1434 3492 et
1461 3420 1597 3492 Graeca

431 3535 569 3632 lingua,
599 3535 650 3606 sic
679 3549 712 3607 ει
739 3536 775 3605 in
802 3536 928 3608 Latina
954 3534 1021 3606 luit
1048 3536 1149 3608 initio
1178 3562 1294 3633 genus
1323 3536 1422 3608 uerbi
1446 3535 1594 3632 duplex,

431 3649 584 3722 alterum
615 3651 787 3741 actiuum,
822 3652 972 3724 alterum
1000 3653 1159 3724 medium
1192 3653 1289 3750 quod
1320 3652 1427 3724 etiam
1454 3651 1598 3749 passiue

433 3780 644 3863 usurpatum
659 3781 724 3840 est.
749 3768 822 3839 lam
840 3769 935 3864 apud
951 3768 1107 3840 Graecos
1122 3773 1168 3862 (et
1183 3768 1303 3864 lndos)
1318 3768 1405 3840 haec
1416 3767 1596 3841 distinctio

910 3971 1147 3980 —n-——--—-

465 4107 487 4156 t.
509 4106 726 4167 Atmaoepadam
744 4126 772 4146 =
790 4103 919 4168 sibiipsi
936 4117 1003 4163 uox;
1021 4105 1260 4167 parasmaipadam
1276 4128 1305 4145 ==
1322 4103 1377 4154 alii
1394 4117 1462 4155 uox.

463 4188 489 4237 t.
512 4185 554 4236 ct.
576 4187 708 4234 anuanu
721 4188 749 4236 et
766 4185 906 4242 Gouuzun,
922 4198 948 4235 o.
966 4197 989 4234 e.
1007 4188 1019 4244 t
1035 4185 1080 4236 ‘204
1095 4199 1138 4248 sq.
1153 4187 1304 4242 ernun
1323 4197 1347 4234 0.
1364 4199 1402 4242 e.,
1415 4199 1445 4249 p.
1467 4185 1522 4235 189.

462 4268 488 4313 3.
506 4264 594 4316 Esset
611 4265 647 4316 de
668 4265 863 4328 seruauitque.
886 4278 915 4328 p.
939 4266 978 4324 94,
997 4265 1045 4314 ubi
1068 4266 1136 4315 haec
1154 4265 1272 4314 maxime
1289 4264 1413 4314 notanda
1434 4268 1509 4314 sunt.
1529 4280 1540 4309 r
1559 4262 1597 4315 Ge

432 4343 503 4391 n'est
520 4354 570 4403 pas
589 4355 641 4404 que
663 4341 742 4391 l'idee
755 4342 793 4390 du
809 4340 900 4404 passis
912 4339 954 4390 tut
975 4339 1090 4390 difficile
1107 4341 1123 4389 a
1140 4341 1302 4390 concevoir:
1321 4356 1332 4385 ι(
1350 4341 1378 4402 je
1394 4340 1453 4389 suis
1470 4339 1566 4403 trappe
1584 4357 1596 4385 x

432 4419 503 4468 n'est
518 4431 568 4480 pas
582 4417 644 4477 plus
659 4417 775 4466 malaise
788 4415 804 4466 a
816 4416 997 4479 comprendre
1012 4429 1064 4478 que
1081 4432 1092 4460 «
1107 4418 1136 4477 je
1149 4416 1246 4480 trappe
1259 4433 1283 4465 n.
1301 4416 1339 4465 La
1354 4414 1488 4466 difficulte
1503 4415 1599 4465 venait

433 4493 571 4542 d'ailteurs
586 4508 592 4541 :
611 4492 664 4542 elle
676 4493 815 4542 venaitdu
828 4491 893 4554 plan
908 4492 941 4541 de
956 4504 1007 4540 nos
1019 4490 1145 4553 languea,
1160 4492 1207 4554 qui
1218 4495 1260 4540 est
1270 4503 1303 4539 en
1315 4490 1519 4541 contradiction
1529 4502 1597 4540 avec

433 4569 513 4618 l'idee
529 4569 651 4631 passive,
670 4567 711 4618 les
729 4567 846 4631 langues
863 4565 1132 4630 indo-europeennes
1145 4567 1307 4628 presentant
1323 4565 1351 4615 la
1367 4567 1468 4629 phrase
1486 4579 1553 4616 sous
1570 4566 1598 4615 la

432 4644 519 4693 forme
532 4644 596 4692 d'un
610 4644 681 4706 petit
694 4643 788 4693 drame
801 4642 836 4693 cir
849 4643 874 4692 le
885 4644 961 4704 sujet
975 4646 1018 4692 est
1033 4644 1160 4704 toujours
1177 4643 1312 4704 agissant.
1323 4659 1334 4687 n

462 4725 487 4774 l.
510 4725 569 4773 Hoc
590 4725 671 4786 modo
700 4723 866 4785 loquendum
890 4723 1021 4771 uidetur:
1044 4735 1108 4770 nam
1137 4721 1277 4772 fuerintne
1299 4724 1327 4770 in
1349 4721 1447 4772 Latino
1471 4735 1597 4772 sermone

432 4798 545 4862 formae
563 4798 796 4861 medio-passiuae
821 4797 998 4859 etymotopia
1019 4796 1124 4844 similes
1147 4797 1269 4858 Graecis,
1293 4797 1339 4847 hie
1356 4809 1412 4845 non
1429 4797 1531 4859 agitur.
1557 4799 1597 4846 De

433 4887 466 4922 ea
486 4887 524 4930 re,
542 4873 616 4930 uide,
636 4874 684 4929 sis,
703 4886 773 4934 quae
789 4872 902 4921 disserit
919 4873 1051 4920 Rruunruu
1067 4874 1094 4920 et
1108 4871 1247 4934 chnzun,
1267 4869 1399 4922 Gramm.
1417 4884 1513 4935 comp.
1534 4885 1552 4932 1,
1571 4871 1596 4921 le

433 4947 662 5012 medio-passii,§
679 4949 732 5004 536,
748 4961 790 5009 sq.
