3534 5342
461 647 500 706 16
751 653 795 698 nn
823 650 1012 698 onnuumvr
1037 652 1071 697 v1
1095 651 1336 716 annourssnui

457 877 496 948 in
522 877 690 951 omnibus
724 877 844 951 uerbis
876 891 915 950 ut
945 877 1061 950 haec:
1088 876 1257 967 ornabar,
1292 902 1411 968 amor,
1441 879 1620 969 amabam

459 1005 732 1082 mutarerunt,
748 1019 930 1083 sumere.
947 995 1006 1090 (L.
1026 993 1272 1090 tat.‚1x.96).
1291 993 1518 1091 Suutigitur,
1535 1008 1623 1067 teste

458 1109 537 1181 uiro
567 1109 814 1183 Romanorum
843 1109 1114 1200 disertissimo¹‚
1147 1109 1341 1182 uerborum
1371 1109 1622 1207 temporalium

457 1223 567 1298 series
588 1224 708 1316 binae,
729 1250 882 1325 quarum
898 1225 934 1295 in
954 1224 1064 1297 altera
1077 1225 1285 1323 perfectum
1303 1224 1432 1323 quouis
1446 1239 1621 1322 tempore,

457 1339 494 1410 in
522 1340 631 1413 altera
658 1341 787 1440 quouis
825 1354 986 1438 tempore
1017 1340 1268 1438 imperfectum
1298 1340 1524 1438 exprimitur.
1553 1340 1623 1412 Sed

451 1457 656 1554 perfeetum
683 1467 717 1529 et
753 1456 1003 1555 imperfectum
1036 1481 1108 1528 non
1134 1456 1263 1529 modus
1290 1468 1389 1528 notat
1414 1481 1486 1554 quo
1517 1455 1624 1528 uerba

457 1571 624 1644 desinunt
646 1577 731 1671 (quo
757 1572 903 1671 quidem
929 1572 1037 1645 modo
1066 1596 1241 1670 personae
1270 1585 1305 1644 et
1335 1585 1498 1668 tempora
1529 1571 1624 1644 desi-

457 1689 645 1784 gnantur),
679 1688 742 1761 sed
773 1689 902 1761 modus
933 1712 1005 1786 quo
1041 1686 1152 1760 uerba
1187 1686 1376 1783 incipiunt.
1419 1687 1497 1760 Hoc
1529 1686 1624 1760 idem
1736 1769 1737 1774 ἵ

456 1802 573 1875 Varro
591 1816 741 1876 testatur
763 1831 771 1876 ε
803 1829 822 1874 «
842 1803 1014 1875 Similiter
1033 1817 1155 1875 errant
1178 1803 1240 1900 qui
1259 1801 1384 1876 dicunt
1404 1828 1450 1877 ex
1474 1816 1624 1900 utraque

458 1931 558 2014 parte
593 1919 703 1991 uerba
733 1920 854 1993 omnia
897 1932 1118 1992 commutare
1152 1917 1309 2016 syllabas
1344 1933 1524 2018 oportere,
1564 1931 1625 1990 aut

457 2032 595 2105 nullum
615 2034 652 2106 in
667 2035 746 2108 his:
772 2060 912 2133 pungo,
930 2059 1109 2132 pungam,
1133 2033 1293 2132 pupugi,
1313 2033 1436 2122 tundo,
1459 2033 1621 2121 tundam,

458 2147 578 2221 tutudi
595 2177 604 2240 ;
636 2151 823 2223 dissimilia
848 2151 943 2222 enim
966 2149 1156 2221 conferunt
1174 2149 1283 2223 uerba
1302 2148 1423 2222 inlecti
1440 2175 1522 2221 cum
1541 2173 1625 2246 per·
1736 2141 1737 2160 ¹

458 2263 569 2337 lectis.
604 2266 711 2358 Quod
741 2266 771 2338 si
803 2265 934 2338 inlecta
968 2266 1076 2338 modo
1118 2263 1332 2354 conferrent,
1368 2266 1489 2338 omnia
1523 2263 1623 2336 uerbi

452 2379 639 2479 principio
654 2381 962 2455 incommutabilia
983 2381 1202 2470 uiderentur,
1222 2395 1261 2453 ut
1278 2380 1313 2450 in
1335 2381 1389 2453 his
1401 2380 1619 2478 pungebum

448 2519 592 2593 pungo,
603 2523 784 2596 pungam,
805 2513 840 2571 et
858 2512 983 2570 contra
999 2521 1044 2569 ex
1060 2510 1209 2594 utraque
1225 2510 1325 2595 parte
1340 2494 1620 2586 commutabilia,

457 2614 488 2686 si
519 2613 674 2712 perlecta
700 2627 875 2712 ponerent
893 2627 933 2685 ut
953 2638 1202 2712 pepegerim,
1229 2612 1387 2712 pupugi,
1411 2636 1617 2711 pupugere.

457 2731 516 2827 u·
534 2731 579 2801 L·
599 2735 724 2827 aaa·

504 2873 552 2943 At
580 2873 676 2970 quod
705 2873 742 2942 in
774 2872 884 2944 uerbo
913 2870 1014 2943 finito
1039 2896 1102 2943 seu
1135 2871 1325 2968 temporali
1360 2896 1438 2944 esse
1471 2883 1622 2942 testatur

455 2988 584 3077 Varro,
602 2987 637 3058 id
660 2987 748 3059 etin
769 2988 880 3060 uerbo
900 2985 1039 3058 infinito
1058 3012 1135 3059 esse
1149 2987 1440 3084 deprehenditur.
1459 2985 1621 3059 Concor-

455 3104 542 3175 dant
566 3103 657 3174 inter
693 3129 731 3175 se
763 3102 952 3201 principiis
976 3101 1096 3202 legere
1127 3127 1209 3174 cum
1241 3102 1335 3199 lego,
1371 3102 1501 3199 legisse
1537 3125 1617 3172 cum

454 3217 539 3315 legi,
553 3244 626 3291 nec
652 3245 724 3291 non
745 3219 867 3317 legens
886 3243 968 3289 cum
989 3216 1083 3315 lego,
1105 3217 1238 3316 le‘pere,
1261 3233 1367 3316 atque
1386 3243 1468 3290 curn
1497 3216 1618 3314 legens

456 3334 639 3431 legendus.
669 3378 705 3388 -
732 3337 855 3432 ltaque
878 3334 909 3405 si
932 3332 1172 3431 etymologiae
1192 3359 1256 3406 seu
1281 3334 1420 3431 figurae
1443 3332 1618 3404 rationem

452 3449 626 3522 habemus
639 3450 833 3522 uerisimile
844 3465 911 3540 est,
920 3464 960 3523 ut
974 3450 1108 3548 lagena,
1125 3450 1173 3522 ita
1184 3448 1354 3547 legendus
1369 3448 1616 3546 imperfectum

453 3591 515 3638 seu
534 3565 704 3638 infectum
719 3567 933 3664 exprimere.

501 3711 535 3805 2)
549 3711 626 3792 ,lam
642 3710 738 3807 quod
753 3710 971 3808 etymologia
986 3711 1132 3800 indicat,
1150 3710 1186 3783 id
1199 3736 1284 3782 usus
1300 3709 1399 3782 uerbi
1415 3709 1613 3782 confirmat.

453 3825 545 3896 Nam
581 3826 783 3922 gerundiuo
815 3826 941 3898 eodem
968 3827 1076 3899 modo
1108 3827 1302 3924 scriptores
1336 3840 1485 3898 utuntur
1513 3840 1618 3925 atque

453 3965 495 4011 eo
522 3940 618 4038 quod
637 3965 814 4039 praesens
840 3941 970 4014 dicitur
996 3941 1196 4039 participio.

503 4082 645 4178 Negant
663 4082 699 4154 id
718 4083 878 4182 quidam,
904 4085 981 4174 sed,
1004 4084 1146 4181 opinor,
1168 4084 1311 4174 iniuria,
1340 4085 1501 4182 eoquod
1527 4084 1617 4156 inter

452 4209 589 4294 tempus
604 4212 638 4270 et
657 4199 829 4272 actionem
845 4200 932 4298 quid
949 4199 1101 4290 intersit,
1123 4226 1197 4272 non
1217 4201 1302 4273 satis
1322 4214 1500 4298 reputant.
1525 4202 1617 4272 Nam

453 4312 483 4384 si
507 4312 595 4384 uelis
615 4314 760 4411 proprio
778 4340 835 4387 res
858 4315 1004 4388 nomine
1028 4341 1168 4405 uocare,
1190 4316 1254 4387 uix
1278 4316 1348 4389 dici
1371 4330 1489 4414 potest
1500 4341 1617 4415 proe-

451 4452 544 4517 serm,
566 4453 628 4500 seu
646 4429 852 4526 praesentis
870 4431 1111 4530 participium.
1134 4431 1366 4529 Participium
1386 4431 1484 4503 enirn
1501 4456 1618 4530 proe-

450 4568 531 4614 sens
550 4557 692 4643 tempus
712 4570 784 4617 non
805 4545 938 4619 indicat
956 4547 1025 4619 nisi
1055 4573 1097 4618 eo
1125 4560 1264 4619 tantum
1284 4573 1392 4620 sensu
1417 4549 1514 4646 quod
1539 4548 1617 4620 siue

454 4800 876 4812 -———-—-—-——-—-—n-

487 4950 509 5000 1.
530 4950 702 5014 Qururrtmu,
720 4953 780 5004 int.
