3534 5342
435 641 474 701 to
720 649 764 694 os
788 647 977 696 cununorvr
1001 647 1067 696 usu
1092 647 1308 696 nucuurmur.

437 875 579 948 Dosson
600 874 625 964 ¹,
656 873 808 947 uerbum
839 871 1118 964 substantiuum,
1146 873 1184 945 in
1215 898 1288 972 quo
1318 871 1415 945 nulla
1443 884 1509 960 est,
1540 869 1605 943 sed

434 989 554 1088 ipsum
573 989 788 1088 gerundium
809 989 845 1060 in
866 1003 1083 1062 structuram
1101 988 1245 1062 adfert.-

484 1106 648 1204 Denique
663 1131 750 1178 usus
766 1105 823 1177 hic
843 1131 926 1176 cum
941 1105 987 1178 sit
1007 1104 1333 1204 frequentissimus
1347 1116 1547 1200 acceptum,
1563 1116 1605 1174 ut

435 1221 484 1293 ita
499 1221 630 1311 dicam,
651 1220 818 1313 reddidit,
839 1236 873 1295 et
899 1247 944 1294 ex
964 1221 1108 1319 passiua
1129 1236 1229 1293 ortus
1249 1219 1441 1318 gerundiui
1461 1217 1604 1315 signifi-

436 1337 588 1428 catione,
609 1336 792 1436 passiuam
813 1337 889 1410 eius
905 1336 1203 1436 significationem
1224 1335 1488 1434 multiplicauit.

792 1961 968 2033 CAPUT
1010 1960 1252 2033 TERTIUM

438 2216 627 2270 GERUNDIVI
664 2214 757 2261 USUM
792 2213 953 2260 PRIMITUS
989 2213 1210 2259 REFLEXIVUM
1244 2211 1392 2275 IDEOQUE
1428 2212 1601 2274 ACTIVUM,

486 2332 557 2378 CUM
582 2331 665 2377 USUS
684 2331 847 2378 PASSIVUS
865 2329 1104 2394 INVALESCENS,
1134 2331 1204 2375 TUM
1228 2328 1448 2375 PARTICIPIUM
1470 2329 1504 2374 IN
1523 2326 1605 2372 -ΕΝδ

487 2448 658 2495 PAULATIM
676 2446 934 2494 OBLITTERAVIT.

455 2682 458 2688 ·
488 2657 686 2732 Gerundiui
703 2683 789 2730 usus
804 2657 840 2728 in
856 2657 981 2729 formis
997 2655 1236 2754 paucissimus
1256 2656 1394 2729 actious
1409 2657 1606 2753 deprehan-

439 2775 547 2864 ditur,
564 2775 601 2844 in
621 2773 748 2846 ceteris
762 2773 819 2846 uel
835 2773 871 2844 in
889 2773 940 2845 eis
955 2798 975 2844 a
990 2771 1121 2871 quibus
1136 2772 1357 2845 necessitatis
1376 2771 1475 2845 notio
1491 2771 1603 2863 abest,

440 2916 583 2988 semper
607 2890 774 2987 passinus
789 2902 950 2988 apparet.
969 2889 1069 2978 inde,
1089 2914 1170 2961 cum
1191 2888 1292 2961 initio
1311 2887 1523 2961 ressexiuum
1544 2913 1605 2960 seu

441 3007 599 3079 medium
621 3005 731 3081 fuisse
745 3006 975 3096 arbitremur,
992 3005 1246 3104 explicandum
1265 3005 1395 3103 estqui
1410 3004 1544 3078 iactum
1560 3005 1605 3077 sit

439 3137 479 3195 ut
491 3147 617 3194 sensus
632 3122 799 3219 passiuus
812 3122 860 3194 ita
876 3120 1111 3218 praeualeret,
1129 3136 1163 3193 et
1175 3135 1351 3219 quatenus
1365 3145 1484 3219 quoue
1500 3121 1605 3192 modo

439 3237 476 3308 in
496 3237 547 3309 eis
567 3237 694 3310 formis
714 3262 805 3336 quae
825 3236 1031 3310 solitariae2
1048 3237 1228 3326 dicuntur,
1255 3236 1371 3309 actiua
1390 3235 1605 3334 significatio

439 3352 689 3450 permanserit.

488 3485 533 3558 Α.
555 3531 596 3540 -
617 3485 756 3559 suffixo
779 3487 891 3558 -udus
916 3501 956 3559 ut
973 3487 1076 3585 quasi
1096 3486 1240 3584 propria
1261 3486 1442 3559 uideretur
1462 3486 1605 3585 passiua

440 3601 670 3698 significatiO,
688 3601 818 3674 iactum
835 3618 888 3675 est
904 3602 1127 3700 egerundiui
1144 3628 1210 3674 usn
1224 3601 1370 3699 passiuo
1388 3601 1605 3700 frequentis-
1684 3614 1686 3620 '

440 3717 546 3790 simo.
579 3717 625 3789 Ut
653 3731 769 3790 autem
798 3718 1040 3814 gerundiuum
1070 3717 1215 3815 pessino
1243 3743 1353 3790 sensu
1378 3716 1606 3790 adhiberetur

440 3832 729 3930 frequentissime
744 3858 872 3906 causae
886 3832 1031 3906 fuerunt
1049 3834 1152 3907 duae.

488 3949 525 4040 a)
539 3948 677 4019 Harum
688 3947 804 4045 prima
819 3949 906 4021 haec
917 3948 997 4040 fuit,
1014 3974 1123 4047 quam
1141 3974 1247 4021 nemo
1258 3949 1388 4038 adhuc,
1402 3948 1471 4020 nisi
1488 3948 1602 4038 fallor,

439 4062 647 4151 declarauit,
666 4063 763 4160 quod
774 4065 976 4160 gerundiuo
992 4063 1213 4137 necessitatis
1227 4064 1435 4162 saepissime
1451 4064 1605 4137 Romani

440 4191 601 4251 utuntur.
627 4178 706 4251 Hoc
732 4192 850 4251 autem
880 4179 1004 4253 multis
1027 4180 1144 4253 modis
1166 4180 1232 4252 fit:
1266 4195 1318 4252 est
1339 4179 1435 4253 enirn
1452 4178 1543 4270 eiuS,
1569 4193 1606 4250 ut

471 4498 491 4546 t.
507 4497 534 4546 Is
553 4496 646 4547 Plauti
662 4496 737 4548 locos
752 4497 859 4561 profert
875 4497 977 4548 multos
993 4499 1021 4547 in
1039 4497 1142 4561 quibus
1157 4510 1257 4548 nomen
1275 4512 1337 4548 cum
1353 4511 1414 4550 esse
1428 4499 1607 4553 coniunctum

439 4571 512 4622 idem
524 4575 604 4635 putat
623 4586 685 4622 esse
698 4575 781 4636 atque
794 4573 991 4636 gerundiuum.
1009 4573 1062 4622 Sed
1080 4573 1147 4633 mihi
1165 4573 1238 4635 quod
1254 4574 1335 4624 affert
1347 4574 1419 4625 inter
1432 4575 1488 4625 alia
1503 4575 1607 4625 similia

439 4665 451 4694 a
466 4647 539 4712 quid
552 4660 599 4697 me
611 4647 695 4699 uobis
713 4649 799 4699 tactio
809 4651 852 4699 est
865 4647 956 4710 (Men.
975 4649 1043 4710 tcto>
1062 4666 1074 4695 »
1088 4649 1159 4698 nihil
1172 4648 1249 4698 aliud
1261 4649 1402 4711 significat
1413 4663 1494 4712 quam
1511 4667 1522 4695 ι(
1534 4651 1606 4714 quad

439 4736 486 4774 me
504 4723 651 4786 tecuitis?
669 4742 692 4783 i,
710 4727 745 4782 et,
767 4725 790 4774 si
809 4741 821 4771 u
838 4724 937 4776 cautio
955 4728 1021 4776 est»
1040 4724 1113 4775 idam
1130 4724 1187 4775 fero
1202 4727 1245 4777 est
1261 4740 1294 4775 ac
1312 4742 1323 4771 u
1336 4726 1506 4777 cauendum
1524 4729 1566 4778 est
1583 4745 1606 4788 n,

439 4798 493 4848 hoc
509 4811 565 4848 non
583 4797 651 4849 iecit
669 4799 788 4851 uerbum
805 4803 856 4858 eat,
878 4800 927 4850 sed
951 4800 1040 4864 ipsius
1061 4800 1140 4850 uerbi
1161 4813 1266 4852 cauere
1284 4801 1464 4865 significatio.
1488 4802 1527 4854 Gi.
1545 4804 1602 4856 Crc.

440 4873 498 4936 Off.
521 4873 600 4925 ttt:
620 4894 631 4918 a
650 4875 880 4927 Baneflcentia...
899 4875 1000 4927 multas
1018 4875 1103 4927 habet
1117 4876 1303 4929 cautiones.»

469 4955 496 5006 2.
518 4954 657 5013 raasson,
675 4955 696 5008 l.
717 4955 738 5008 l.
759 4970 788 5021 p.
807 4957 849 5009 95.
