3534 5342
552 553 596 598 ou
621 551 775 598 urrunnu
799 551 939 599 omnum
1290 544 1331 605 29

134 777 324 851 consulta
341 779 591 869 laudauerunt,
612 780 763 852 uerbum
779 791 964 879 γραφομένῳ
980 780 1096 852 solum
1117 795 1328 878 posuerunt,

134 909 303 988 praeter
316 896 523 993 losephum,
540 896 695 995 quicum
709 895 785 994 ipse
798 921 941 995 quoque
952 895 1098 994 (Antip.
1116 895 1196 969 Iud.
1214 924 1332 979 ruva„

139 1012 197 1100 ιο)
220 1023 421 1109 γραφομένῳ
442 1027 587 1109 παρῆσαν
603 1011 801 1109 scripserit,
818 1011 928 1085 semel
943 1026 1064 1084 tamen
1085 1011 1227 1111 (Antip.
1245 1012 1326 1084 Iud.

130 1128 328 1220 XIV.111.5)
349 1127 503 1199 formul-a
521 1139 706 1226 γραφομένῳ
724 1143 770 1217 τῷ
791 1125 927 1225 δόγματι
950 1153 1037 1200 usus
1059 1142 1125 1200 est.
1147 1155 1166 1198 t)

189 1241 282 1314 Nec
321 1242 388 1314 soli
426 1242 639 1340 interpretes
677 1243 835 1334 Graeci,
873 1243 943 1340 ipsi
984 1243 1099 1314 Latini
1136 1241 1329 1340 scriptores

134 1358 337 1452 gerundio
365 1384 456 1456 quae
488 1359 534 1430 sit
562 1358 617 1430 uis
647 1359 852 1433 ostendunt.
880 1359 972 1430 Nam
1005 1359 1093 1430 Cato
1123 1359 1181 1430 ille
1213 1358 1329 1430 Maior

135 1473 249 1567 (Cat.
289 1473 420 1572 fragm.
452 1475 552 1546 Jord.
589 1501 624 1573 p.
659 1474 722 1568 83)
757 1499 839 1546 curn
874 1474 1026 1546 dixisset
1055 1501 1062 1547 :
1102 1501 1119 1544 r<
1155 1475 1329 1546 Homines

135 1590 360 1661 eaeereenclo
381 1589 545 1662 uidemus
565 1589 701 1662 conteri
723 1617 758 1680 u,
780 1589 899 1661 statim
920 1588 975 1661 sui
998 1590 1174 1686 interpres
1193 1589 1291 1662 addit
1317 1617 1325 1661 z

142 1729 163 1772 n
202 1704 250 1774 Si
280 1704 367 1776 nihil
394 1731 568 1778 amaracus
587 1708 646 1801 (ΕΒ
661 1704 878 1794 accersendo)
905 1705 1032 1777 inertia
1051 1719 1157 1803 atque
1178 1706 1328 1802 torpedo

139 1819 237 1917 plus
272 1820 478 1893 detrimenti
511 1821 608 1911 lacit,
636 1847 744 1920 quam
770 1820 960 1894 eaeercr'tt'o
986 1849 1004 1892 t)
1037 1820 1149 1917 lgitur
1168 1820 1328 1917 locuples

140 1936 334 2008 sermonis
353 1937 510 2008 Romani
528 1936 761 2009 uetustissimi
787 1937 888 2010 testis
913 1962 994 2008 cum
1021 1936 1199 2033 gerundio
1220 1961 1329 2008 eccer-

141 2051 283 2141 cendc,
311 2053 418 2124 modo
442 2053 477 2125 si
500 2078 691 2141 emerem-c,
719 2053 826 2124 modo
847 2050 1025 2125 exercitio
1043 2065 1240 2147 comparat,
1263 2077 1328 2123 nec

143 2166 331 2264 suspicari
346 2167 487 2241 uidetur
499 2193 576 2241 esse
590 2169 626 2239 in
643 2194 683 2240 ea
698 2167 816 2265 figura
831 2168 1024 2266 quicquam
1040 2166 1136 2264 quod
1149 2167 1326 2238 actionem

143 2283 353 2382 gerendam
371 2283 560 2380 significet.

201 2399 278 2469 lam
300 2424 384 2471 uero
403 2399 580 2496 permulta
597 2398 761 2497 exempla
783 2399 828 2471 ad
848 2424 972 2470 omnes
992 2423 1096 2470 casus
1116 2411 1151 2470 et
1169 2397 1326 2470 maxime

146 2515 195 2586 ad
230 2513 427 2587 ablatiuum
452 2515 667 2612 pertinentia
691 2515 785 2588 docti
808 2514 890 2603 uiri,
920 2527 959 2586 ut
987 2512 1210 2585 Kerkenrath
1234 2514 1273 2608 (l.
1298 2513 1336 2585 Ι(

148 2630 199 2702 50
224 2656 294 2729 sq„
316 2631 361 2702 68
383 2656 453 2728 sq.,
476 2632 516 2702 81
542 2632 626 2729 sq.),
650 2632 804 2703 Persson
823 2631 862 2715 (l.
885 2631 909 2702 l.
933 2629 1116 2721 rao-124),
1139 2629 1325 2725 proferunt

147 2744 189 2816 in
224 2746 356 2843 quihus
385 2746 482 2819 nulla
515 2747 738 2819 necessitatis
763 2746 863 2819 notio
886 2745 1063 2842 gerundia
1091 2745 1197 2834 inest,
1232 2771 1324 2843 quae

148 2863 275 2934 omnia
294 2861 427 2935 referre
452 2862 601 2960 longum
626 2863 780 2952 uidetur,
803 2887 844 2933 ac
868 2887 995 2958 parum
1019 2858 1116 2950 utile,
1143 2861 1324 2957 cumipse
1433 2935 1436 2942 ,

147 2977 383 3051 Weisweiler
408 2978 618 3050 confiteatur
644 2979 682 3074 (l.
712 2978 736 3051 l.
773 2979 854 3072 rol)
875 2978 1102 3049 obscuratam
1132 2976 1259 3048 saltem
1287 2976 1323 3046 in

150 3091 313 3165 ablatiuo
338 3093 413 3164 uim
433 3093 601 3190 gerundii
622 3092 858 3191 principalem
881 3118 970 3165 esse.

203 3209 318 3300 Quam
357 3208 643 3282 obscurationem
679 3236 746 3280 usu
780 3208 949 3305 gerundii
985 3208 1020 3278 in
1053 3207 1322 3302 similitudinem

151 3325 333 3422 participii
363 3325 562 3422 praesentis
595 3325 702 3396 actiui
741 3325 890 3422 (lepens)
927 3324 1111 3396 contendit
1146 3323 1276 3395 factam
1314 3351 1322 3397 ε

155 3467 174 3511 ((
199 3441 382 3512 Nachdem
408 3439 538 3513 einmal
559 3441 675 3512 dieser
700 3439 861 3512 absolute
886 3438 1030 3511 Ablativ
1050 3440 1112 3511 des
1138 3453 1229 3537 part.
1256 3438 1321 3511 fut.

152 3581 267 3653 pass,
299 3555 448 3654 lependo
477 3555 595 3652 gleich
627 3555 775 3628 lectione
789 3554 987 3652 socienda,
1018 3555 1181 3626 bellando
1207 3554 1326 3651 gleich

153 3671 244 3743 bello
275 3671 450 3769 parendo,
479 3670 553 3742 sich
580 3671 615 3741 iu
643 3670 829 3743 derselhen
859 3671 985 3742 Weise
1005 3670 1074 3742 wie
1097 3671 1160 3742 der
1179 3669 1325 3741 Ablativ

153 3787 218 3860 des
245 3786 499 3884 unperso'nlich
532 3786 780 3883 gebrauchten
811 3785 986 3882 Partizips
1011 3785 1074 3858 auf
1095 3797 1186 3875 -tuS,
1216 3813 1247 3857 u.
1279 3785 1321 3856 B.

153 3902 328 3991 consulto,
363 3930 399 3974 u.
435 3929 464 3974 s.
500 3929 566 3992 w.,
600 3930 645 3975 zu
672 3901 769 3974 einer
799 3900 1039 3975 adverbiellen
1068 3902 1326 3998 Bestimmung

153 4017 379 4115 ausgebildet
403 4009 513 4107 ha‘tte,
532 4032 668 4090 musste
689 4009 850 4090 derselhe
865 4018 946 4090 dem
973 4016 1136 4089 Lateiner
1155 4016 1212 4088 ein
1232 4043 1321 4113 garn

153 4133 340 4206 benutztes
373 4133 487 4206 Mittel
521 4133 695 4223 werden,
725 4133 972 4230 Handlungen'
1006 4133 1118 4205 durch
1155 4131 1323 4229 parallele

153 4248 394 4346 Handlungen
419 4248 529 4320 na'her
554 4276 599 4320 zu
627 4249 855 4321 bestimmen.
878 4276 896 4320 ν)
925 4249 1024 4340 Quae
1048 4249 1139 4321 ratio
1166 4248 1323 4320 maxime

153 4350 342 4437 nobiscum
361 4363 470 4437 lacit:
493 4391 576 4436 nam
597 4379 635 4438 ut
658 4391 699 4438 ea
719 4391 789 4437 non
813 4365 900 4436 satis
920 4365 1133 4462 explicatur,
1156 4389 1220 4436 cur
1246 4364 1321 4436 uim

155 4507 258 4552 suam
291 4481 510 4576 gerundium
543 4481 703 4553 amiserit
735 4481 847 4575 (illam
884 4481 964 4552 dico
1005 4506 1111 4578 quam
1146 4480 1178 4553 ei
1215 4479 1325 4552 luisse

154 4596 263 4693 lingit
279 4596 382 4688 Wl,
407 4597 505 4669 utin
525 4623 631 4669 usum
655 4597 844 4694 participio
864 4596 1073 4695 proesentis
1092 4595 1199 4668 actiui
1222 4595 1325 4668 simi-

156 4712 227 4783 lem
243 4713 425 4804 transiret,
445 4713 492 4785 ita
507 4712 565 4785 hic
580 4713 655 4786 eius
671 4739 758 4785 usus
781 4713 816 4782 in
842 4729 1010 4810 promptu
1031 4726 1118 4802 erat,
1137 4712 1166 4784 si
1188 4737 1326 4808 gerun-
1443 4723 1447 4734 '

158 4827 257 4900 dium
288 4827 376 4898 nihil
409 4841 462 4900 est
494 4828 611 4926 ipsum
640 4828 709 4901 nisi
740 4829 981 4924 gerundiuurn
1008 4854 1070 4900 seu
1097 4827 1324 4925 participium
