3534 5342
431 570 472 630 36
715 571 759 618 ΒΕ
784 571 973 620 Gununmvr
1000 571 1066 618 USU
1092 569 1306 618 nncanmonn

431 803 600 876 admonet
614 798 813 872 subiectum
825 799 982 898 (fructu)
995 797 1176 895 passiuam
1188 796 1403 896 gerundiuio
1415 798 1606 896 significa-

430 918 584 1005 tionem3
605 929 642 988 at
660 915 695 986 in
715 914 774 987 illa
794 914 942 987 Catonis
958 914 1134 987 sententia
1153 938 1249 986 esse:
1271 941 1288 982 «
1300 914 1467 988 Ferundo
1488 914 1605 987 orbor

425 1031 605 1132 peribit»,
622 1029 878 1130 cnmferundo
892 1029 1093 1102 subiectum
1109 1054 1181 1101 non
1193 1028 1334 1118 habeat,
1352 1028 1555 1102 subiectum
1571 1031 1604 1102 ei

432 1147 657 1246 fingimusex
668 1145 844 1218 sermonis
856 1145 1115 1218 consuetudine
1135 1144 1307 1234 uotiuum,
1318 1146 1459 1243 etquod
1470 1146 1603 1218 dicitnr

430 1262 717 1360 impersonaliter
730 1276 836 1361 atque
851 1261 994 1359 passiue
1005 1259 1184 1360 (serundo
1197 1303 1225 1322 =
1237 1259 1473 1357 dumsertur‚
1484 1287 1604 1360 parce

430 1378 523 1478 qu'il
533 1405 558 1477 p
572 1404 596 1451 u
606 1377 839 1476 productior,
852 1402 928 1475 por
942 1375 1059 1476 lesuit
1073 1376 1118 1448 de
1129 1376 1165 1448 lc
1173 1375 1422 1474 productiva),
1440 1377 1473 1448 id
1482 1377 1604 1449 actiue

431 1494 660 1591 accipientes
682 1492 955 1590 subiectnmqne
977 1491 1123 1590 aliquod
1147 1517 1192 1564 ex
1210 1492 1288 1588 ipsa
1306 1492 1481 1564 sententia
1502 1519 1606 1590 repe-

430 1623 560 1699 tentes,
589 1610 692 1708 quasi
725 1624 819 1682 esset
843 1608 978 1680 dietum
1009 1607 1137 1699 orbor,
1171 1606 1258 1679 dum
1276 1608 1374 1705 sert,
1395 1607 1534 1707 peribit
1560 1610 1607 1698 (le

431 1724 520 1816 bots,
546 1751 589 1798 en
602 1736 770 1824 portant,
784 1724 931 1823 pe'rirc)
946 1723 1164 1820 gerundium
1180 1722 1367 1820 passiunm
1388 1737 1427 1795 ut
1443 1724 1605 1796 actinum

432 1840 723 1938 interpretamur.

482 1957 533 2028 lta
552 1955 753 2053 explicatur
770 1956 868 2053 qnod
888 1955 1026 2029 Tullius
1053 1980 1135 2027 cnm
1163 1981 1182 2024 «
1202 1954 1328 2028 adesse
1345 1953 1398 2027 ud
1414 1953 1604 2054 imperan-

432 2072 517 2144 dum
534 2101 553 2144 u
583 2086 746 2144 ueterum
778 2097 887 2144 sensu
911 2071 1074 2160 dixisset,
1106 2071 1228 2143 statim
1254 2071 1391 2143 dictum
1417 2071 1570 2167 corrigit
1592 2096 1602 2158 3

436 2214 454 2257 o
476 2187 508 2258 N
513 2213 581 2258 nnc
599 2188 683 2259 ades
702 2187 754 2259 ud
768 2187 1020 2284 imperandum
1037 2186 1094 2259 uel
1108 2185 1160 2258 od
1166 2186 1373 2285 parendum
1389 2186 1530 2284 potius:
1553 2187 1608 2259 sic

434 2303 530 2374 enim
563 2302 699 2400 antiqui
737 2301 976 2402 loquebantur
1007 2302 1126 2387 (Fam.
1160 2303 1277 2389 rx.25)
1298 2330 1332 2373 u.
1368 2302 1474 2393 Quod
1505 2301 1607 2373 enim

435 2418 573 2516 antiqui
597 2419 650 2490 cd
670 2418 922 2516 imperandum
951 2417 1117 2490 dicebant
1141 2415 1441 2514 impersonaliter,
1465 2416 1607 2494 Tullius

436 2532 506 2605 dici
532 2533 671 2606 mauult
700 2535 751 2605 ud
774 2533 995 2633 parendum,
1025 2548 1060 2607 et
1086 2534 1130 2606 ad
1163 2531 1364 2604 subiectum
1392 2533 1492 2606 uerbi
1517 2534 1608 2606 odes

435 2647 574 2740 referri,
600 2649 703 2742 quasi
729 2649 765 2721 id
783 2650 891 2722 etiam
920 2650 1096 2723 actionem
1124 2675 1144 2720 a
1175 2647 1364 2746 participio
1393 2675 1606 2746 expressam

436 2763 579 2866 faceret.
594 2766 727 2838 Eadem
743 2765 924 2854 inductnS,
937 2765 1173 2853 ntitadicam,
1186 2764 1367 2861 cogitandi
1378 2765 1606 2855 necessitate,

437 2878 585 2951 Seruius
612 2879 750 2976 Vergili
777 2905 890 2953 unum
917 2881 1084 2978 idemque
1120 2906 1139 2950 <t
1159 2879 1341 2952 contundo
1357 2908 1376 2952 »
1414 2879 1607 2978 dupliciter

435 2995 577 3091 accipit,
601 3009 635 3065 et
657 3020 676 3064 «
692 2995 881 3068 Cantando
900 3010 937 3068 tu
965 2994 1101 3067 illum»
1124 3021 1174 3067 se.
1209 2995 1326 3067 uicisti
1352 2996 1456 3092 (Boc.
1486 2996 1605 3086 3.25)‚

434 3110 550 3182 actiue
566 3110 636 3182 dici
651 3111 741 3201 uult,
760 3136 842 3183 cum
865 3138 883 3180 (t
902 3112 1096 3184 Cantando
1111 3111 1292 3208 rumpitur
1307 3111 1435 3208 anguis
1451 3141 1470 3185 i>
1493 3112 1601 3208 (Buc.

435 3227 548 3322 8.71),
570 3226 713 3323 passine
733 3228 867 3299 dictum
887 3229 1090 3300 contendat.

483 3361 524 3432 C.
546 3405 587 3414 —
608 3360 697 3432 lllud
720 3361 873 3460 denique
892 3361 1048 3434 ostendit
1074 3361 1251 3458 gerundio
1278 3361 1460 3458 passiuam
1488 3362 1607 3435 inesse

433 3475 748 3573 significationem,
768 3478 831 3549 sed
856 3491 1077 3550 attenuatam
1103 3477 1200 3548 illam
1225 3491 1332 3575 atque
1358 3477 1603 3570 obscuratam,

433 3591 531 3688 quod
554 3591 732 3664 obiectum
758 3593 963 3666 accusation
979 3618 1063 3664 casu
1084 3593 1255 3690 positum,
1274 3592 1535 3692 utaliquando,
1553 3593 1603 3667 ita

434 3705 617 3778 rarissime
637 3707 755 3779 habet.

485 3822 562 3893 Hoc
595 3822 671 3894 fieri
708 3824 866 3920 potuisse
899 3838 938 3918 nt
967 3824 1083 3896 forma
1113 3823 1270 3920 primum
1301 3825 1447 3920 passiua
1479 3840 1604 3922 postea

433 3936 548 4009 actine
568 3963 609 4010 ac
628 3939 816 4011 transitiue
836 3940 1078 4028 adhiberetur,
1104 3939 1235 4010 nostris
1255 3953 1349 4012 certe
1381 3941 1503 4012 mirari
1529 3967 1604 4013 non

434 4052 527 4125 licet.
554 4054 645 4126 Nam
667 4053 783 4126 simile
805 4054 940 4153 aliquid
968 4055 1004 4125 in
1035 4069 1159 4127 nostro
1188 4080 1353 4127 sermone
1377 4054 1510 4127 lactum
1531 4069 1607 4130 tes-

434 4182 555 4240 tantur
572 4169 750 4242 notissimi
766 4195 892 4242 nersus
915 4198 922 4242 :

753 4303 933 4385 Mignonne,
952 4303 1050 4363 allons
1066 4303 1132 4363 voir
1146 4303 1171 4362 si
1189 4303 1218 4363 la
1233 4327 1310 4378 rose,

754 4400 814 4478 Qui
830 4422 862 4460 ce
878 4401 974 4461 matin
990 4401 1071 4461 avait
1085 4399 1226 4462 desclose
1332 4397 1334 4402 ’

753 4498 794 4557 Sa
810 4498 881 4558 robe
897 4499 934 4559 de
949 4520 1080 4581 pourpre
1094 4520 1134 4558 au
1148 4498 1243 4572 soleil‚

751 4597 778 4654 A
799 4597 883 4677 point
895 4596 1013 4678 perdu,
1031 4609 1107 4657 ceste
1126 4601 1258 4679 vespree‚

752 4693 808 4751 Les
824 4693 881 4774 plis
896 4695 933 4754 de
948 4715 983 4753 sa
997 4694 1069 4754 robe
1084 4699 1233 4777 pourprt'te

713 4853 714 4856 Ἴ
750 4789 788 4850 Et
803 4811 857 4848 son
873 4791 947 4851 teint
961 4811 1001 4850 au
1016 4801 1114 4851 vostre
1128 4791 1236 4872 parcil.

1051 4890 1220 4967 (Ronsnnn,
1241 4888 1334 4966 Odes,
1352 4889 1442 4970 1,17).
