3534 5342
314 611 358 656 DE
382 609 531 656 PASSIVAE
553 608 706 657 smrvrrrcl
715 609 817 657 rloms
842 610 1104 660 PROPAGATIONE
1257 602 1297 664 49

121 839 359 935 participium
393 838 550 912 actiuum
573 823 725 912 alterum
761 840 797 911 in
827 839 935 912 actiui
962 839 1157 936 gerundidi
1179 839 1298 911 locum

121 954 284 1027 induxit.
304 956 381 1027 Hoc
395 955 483 1053 quid
499 955 543 1029 sit
558 955 588 1027 is
600 955 703 1028 facile
718 955 838 1028 animo
853 955 1043 1052 concipiet,
1060 955 1123 1053 qui
1134 979 1300 1052 perspec-

120 1083 201 1142 tam
216 1071 393 1156 habuerit,
414 1096 523 1168 quam
542 1097 608 1143 nos
625 1061 735 1168 su'pra
750 1072 821 1161 (ch.
842 1099 853 1141 1
871 1086 907 1143 et
921 1073 972 1168 Π),
998 1072 1128 1168 partim
1144 1097 1164 1143 a
1186 1069 1300 1143 doctis

123 1185 217 1257 uiris
233 1187 396 1284 petitam,
414 1187 545 1284 partim
561 1214 581 1259 a
597 1187 702 1259 nobis
717 1187 973 1284 excogitatam,
991 1187 1035 1259 de
1048 1171 1165 1284 prisca
1182 1185 1301 1258 Latini

125 1301 233 1373 uerbi
252 1301 366 1399 ipsius
386 1317 420 1374 et
443 1303 624 1401 participii
653 1303 791 1375 ratione
811 1303 1066 1402 proposuimus
1085 1301 1297 1375 doctrinam.

125 1417 231 1508 Quae
251 1417 302 1489 sic
318 1418 531 1491 breuissime
549 1418 806 1516 comprehendi
826 1432 967 1516 potest:
991 1432 1030 1491 ut
1048 1432 1116 1509 est,
1140 1416 1237 1516 quod
1257 1417 1301 1489 ad

125 1559 276 1605 sensum
294 1533 432 1624 attinet,
455 1535 607 1607 uerbum
628 1534 898 1606 retransitiuum
917 1534 1047 1606 uoluor
1067 1535 1111 1606 ad
1138 1533 1302 1606 transiti-

128 1675 218 1720 uum
247 1649 380 1739 uoluo,
396 1649 444 1721 ita
471 1649 593 1722 estad
621 1650 767 1722 uoluens
791 1648 1000 1722 uoluendus.
1029 1651 1170 1722 Horum
1190 1675 1302 1721 unum

127 1763 362 1862 participium
392 1765 623 1837 transitiuum
652 1779 719 1854 est,
748 1767 900 1838 alterum
925 1766 1209 1855 retransitiuum,
1238 1765 1303 1838 sed

127 1893 323 1977 utrumque
338 1881 497 1952 uotiuum
510 1893 579 1953 est:
598 1906 680 1952 nam
695 1881 804 1953 uerba
816 1881 1044 1955 retransitiua
1055 1906 1118 1953 seu
1129 1880 1302 1953 rellexiua

129 1994 286 2090 (uoluor)
298 2021 495 2094 eorumque
509 1996 696 2093 participia
708 2022 816 2069 sensu
826 1997 955 2087 actiua,
965 2022 1037 2068 nou
1049 1996 1192 2095 passiua
1204 2009 1298 2068 sunt.

179 2111 288 2183 Erant
307 2111 419 2208 igitur
434 2111 547 2184 actiui
559 2099 740 2210 perlicipii
759 2112 895 2185 formae
914 2113 1005 2186 duae
1021 2138 1174 2211 quarum
1191 2112 1302 2184 altera

130 2248 316 2320 nunquam
331 2249 404 2334 pon
424 2223 554 2314 actiue,
575 2224 686 2297 altera
704 2223 885 2296 interdum
908 2225 1015 2296 etiam
1036 2223 1179 2321 passiue
1198 2222 1302 2296 adhi-

129 2345 292 2418 bebatur.
312 2348 387 2418 lam
407 2372 507 2436 uere,
526 2348 581 2420 uel
602 2361 748 2445 propter
769 2373 916 2420 sensum
940 2348 1055 2439 uerbi,
1079 2348 1134 2420 uel
1155 2361 1302 2445 propter
1344 2413 1346 2418 .

130 2488 237 2534 usum
253 2463 471 2553 absolutum,
484 2463 578 2535 idem
594 2463 667 2536 lere
680 2463 885 2561 significant
900 2463 1128 2562 participium
1143 2463 1302 2536 actiuum

131 2578 168 2648 iu
183 2604 278 2667 -enS,
297 2594 331 2650 et
350 2579 580 2676 participium
600 2580 738 2652 mediae
757 2579 905 2653 formae.
928 2580 1112 2678 Vergilius
1132 2580 1242 2668 enim,
1263 2593 1303 2651 ut

130 2693 198 2765 hoc
230 2694 437 2790 exemplum
466 2694 648 2785 afferatur,
685 2696 810 2767 eodem
837 2720 946 2766 sensu
977 2695 1075 2784 dicit,
1103 2720 1168 2792 pro
1198 2693 1303 2766 metri

132 2809 355 2899 necessitate,
383 2810 490 2882 modo
516 2809 700 2883 uoluendt's
724 2810 915 2901 mensibus,
946 2811 1053 2882 modo
1082 2809 1304 2883 uoluentibuo

131 2924 248 2996 annis
282 2925 410 3021 Igitur,
447 2926 587 2998 duabus
617 2925 743 2998 lormis
766 2926 871 2998 ‘idem
901 2925 1187 3024 exprimentibus
1219 2950 1303 2997 cum

130 3066 221 3137 opus
240 3065 312 3112 non
332 3056 438 3130 esset,
454 3041 530 3114 eius
549 3041 688 3114 actiuus
703 3068 790 3114 usus
805 3041 924 3132 cessit,
940 3055 1048 3140 atque
1063 3067 1142 3115 esse
1156 3041 1299 3131 desiuit,

131 3160 233 3233 cuius
252 3174 327 3233 erat
349 3161 456 3233 etiam
476 3164 645 3258 passiuus
662 3188 762 3235 usus.
1025 3167 1026 3174 ’

179 3277 302 3374 ltaque
337 3277 581 3373 gerundiuum
621 3278 805 3368 actiuum,
839 3279 926 3351 dum
958 3277 1065 3351 simul
1097 3275 1300 3374 gerundiuo

132 3387 279 3484 passiuo
298 3412 339 3459 ac
368 3389 602 3478 necessitatis,
624 3389 730 3461 simul
751 3390 940 3488 participio
957 3393 995 3461 in
1014 3415 1096 3462 -ens
1116 3387 1301 3461 desinente

131 3501 346 3592 excluditur,
368 3529 482 3601 prope
504 3518 619 3577 totum
640 3505 798 3577 euanuit.

179 3613 220 3684 C.
247 3656 293 3669 —
312 3615 365 3684 Ex
382 3615 450 3687 hoc
471 3628 590 3687 autem
609 3617 785 3715 quaedam
807 3631 927 3689 secuta
947 3630 1042 3690 sunt.

185 3737 216 3800 1⁰
235 3730 340 3820 Nam,
358 3730 445 3803 dum
465 3725 504 3802 lit
524 3746 563 3804 ut
583 3733 751 3829 passiuus
771 3718 1112 3831 seususgerundiui
1132 3731 1301 3830 proprius

133 3843 310 3936 uideatur,
332 3846 363 3918 is
385 3872 526 3937 sensuS,
550 3848 661 3920 altero
683 3847 843 3939 excluse,
862 3874 936 3921 non
956 3862 1095 3921 tantum
1112 3847 1301 3947 participio

132 3961 327 4034 uerborum
354 3963 598 4060 passiuorum,
626 3964 823 4037 sedetiam
851 3965 1041 4063 participio
1067 3989 1192 4037 eorum
1217 3989 1301 4036 uer-

132 4076 262 4148 borum
284 4077 549 4176 deponentium,
571 4079 704 4178 quibus
726 4094 862 4153 ceterae
884 4080 1020 4154 formae
1046 4079 1183 4152 actiuae
1202 4092 1298 4170 sunt,

131 4192 296 4265 inhaesit.
1185 4183 1190 4204 ⁸

181 4309 252 4381 Sed
283 4309 351 4381 hoc
384 4310 445 4407 qui
477 4311 568 4384 bene
600 4311 779 4384 intellexit
819 4312 1019 4404 Lebreton,
1057 4309 1300 4409 gerundiuum

132 4422 270 4522 colligit
287 4425 324 4495 in
340 4449 380 4497 ea
396 4451 522 4498 sensus
544 4426 779 4524 pullulatione
795 4427 927 4499 auerbi
945 4425 1302 4500 declinationefuisse

132 4539 335 4613 seiunctum
349 4542 374 4612 ¹.
396 4541 502 4632 Quod
524 4541 555 4614 si
575 4542 624 4614 ita
642 4542 728 4616 dicit
750 4556 789 4616 ut
807 4556 915 4640 neget
929 4542 1172 4641 gerundiuum
1187 4541 1302 4640 parti-

164 4849 188 4898 1.
214 4849 375 4906 tunsurus,
390 4847 411 4900 l.
427 4849 449 4900 l.
471 4850 498 4900 15
521 4849 605 4912 [159]:
627 4867 638 4897 «
657 4851 814 4908 Toutefois,
827 4850 898 4900 dans
911 4853 984 4900 cette
1000 4851 1187 4914 propagation
1204 4848 1301 4906 meme,

132 4923 270 4988 l'adjectil'
284 4925 374 4989 passis
388 4939 421 4974 en
438 4924 530 4976 mdes
545 4926 638 4990 paralt
654 4927 735 4977 avoir
747 4926 791 4977 ete
806 4925 999 4991 independant
1012 4927 1046 4977 de
1055 4927 1083 4976 la
1099 4927 1302 4990 conjugaison:

1265 5041 1305 5090 lt
