3534 5342
728 616 892 663 nrrnoous
1349 613 1389 674 59

223 725 485 738 -uu———u—-n-

271 846 349 916 Hoc
369 868 434 941 pro
455 843 555 916 uario
576 869 643 916 usu
665 844 782 947 uarias
801 843 967 916 fortunae
989 843 1086 916 uices
1110 857 1299 942 expertum
1319 857 1385 918 est.

224 960 317 1032 Nam
339 984 420 1032 curn
441 959 602 1032 subiecto
622 960 780 1058 positum
803 960 889 1058 quid
911 959 1024 1050 lieret,
1047 973 1109 1033 aut
1130 959 1262 1033 nudam
1288 960 1389 1033 uerbi

224 1075 525 1173 significationem
555 1075 752 1174 (sequendo
780 1076 842 1150 uio
857 1075 1064 1174 peruenies)
1091 1076 1286 1174 expressit3
1313 1076 1389 1150 sine

224 1191 384 1265 subiecto
404 1217 467 1264 seu
492 1191 779 1290 impersonaliter
807 1191 1006 1265 adhibitum
1028 1191 1133 1284 (inter
1154 1192 1387 1291 sequendum)

222 1306 441 1405 perundium
470 1307 607 1381 factum
635 1321 700 1380 est.
734 1308 876 1398 Postea,
908 1333 990 1380 cum
1020 1321 1112 1380 esset
1140 1307 1175 1378 in
1203 1307 1389 1380 sententiis

217 1423 450 1522 propositum
486 1423 771 1521 exprimentibus
813 1437 1025 1520 usurpatum
1064 1422 1256 1521 (sequendo
1294 1423 1392 1498 trosti

222 1538 461 1637 desipnotus),
496 1539 668 1638 paulatim
702 1538 922 1612 necessitatis
962 1539 1156 1637 assumpsit
1178 1539 1386 1612 notionem:

222 1655 404 1752 sequendo
438 1655 499 1728 uio
532 1667 596 1745 est,
621 1653 839 1753 sequendum
866 1667 929 1726 est.
963 1656 1017 1725 Ex
1045 1655 1113 1726 hoc
1148 1680 1226 1744 usu,
1258 1655 1390 1728 etalio

223 1771 356 1867 pariter
393 1771 539 1869 pessino
579 1770 786 1864 (occidendo
819 1769 961 1843 homine
988 1811 1017 1828 =
1053 1797 1118 1868 par
1155 1769 1186 1842 le
1232 1785 1389 1843 meurtre

224 1886 310 1959 d'un
343 1885 504 1984 homme)
544 1884 778 1984 multiplicata
818 1886 962 1983 passiua
991 1886 1204 1982 significatio
1236 1887 1388 1958 actiuam

225 2001 388 2074 exclusit.
412 2002 576 2101 Denique
600 2001 686 2075 dum
712 2001 784 2074 ium
799 2001 974 2100 perfectis
1005 2027 1101 2100 quoe
1124 2001 1223 2101 fieri
1250 2015 1391 2100 oportet

226 2117 377 2216 opponit
397 2119 506 2216 (quoe
523 2130 662 2190 secutus
680 2144 759 2192 suro
787 2130 822 2190 et
844 2143 940 2215 quoe
965 2116 1147 2216 sequendo
1166 2116 1255 2190 mt'ln'
1276 2125 1387 2208 sunt),

178 2297 182 2302 .
226 2247 260 2305 et
265 2235 441 2330 futurum
463 2233 665 2332 exprimere
685 2258 811 2332 parurn
832 2233 975 2305 attentis
990 2233 1145 2323 uidetur,
1164 2233 1391 2330 exprimendi

215 2347 347 2446 futuri
373 2363 493 2446 partes
522 2349 693 2447 paulatim
714 2348 881 2446 suscepit.

276 2465 351 2536 Has
378 2490 504 2537 omnes
528 2465 692 2538 fortunae
720 2465 817 2539 uices
846 2489 917 2563 quo
940 2463 1065 2538 ordine
1083 2464 1199 2537 forma
1222 2464 1259 2535 in
1278 2463 1390 2536 -ndus

227 2579 393 2653 desinens
429 2595 576 2682 experta
604 2581 672 2673 sit,
707 2595 742 2654 et
773 2594 894 2654 noster
930 2580 1072 2653 libellus
1103 2595 1265 2671 enarret,
1304 2580 1390 2653 haec

227 2695 419 2794 descriptio
440 2710 707 2794 repraesentat:

225 2873 255 2922 A.
267 2873 367 2936 *Sequo‚
380 2873 539 2926 transitiuum
555 2897 583 2914 =
594 2875 645 2924 ἕπω
657 2894 679 2925 τι
813 2874 851 2923 A'.
861 2874 965 2936 Sequor,
978 2874 1063 2922 reflex.
1074 2896 1104 2914 =
1116 2874 1209 2938 ἕπομαί
1221 2893 1267 2924 τινι

275 2943 411 3025 Sequens
423 2977 452 2994 =
467 2954 533 3004 ἕπων
547 2975 569 3005 τι
862 2944 1021 3006 Secundus
1033 2976 1062 2994 ==
1078 2957 1196 3018 ἑπόμενός
1210 2973 1257 3004 nu

574 3053 605 3099 B.
627 3051 729 3115 Sequor,
748 3051 919 3102 transitiuum.

609 3131 799 3213 Sequendus,
823 3141 962 3206 passiuum.

273 3275 339 3322 Usus
354 3289 371 3322 α
384 3290 390 3322 :
408 3274 473 3322 inter
489 3274 639 3337 sequendum
655 3275 701 3322 iter
788 3273 888 3324 Ususb:
901 3274 1024 3337 sequendo
1034 3272 1251 3336 hostidesignutus

407 3368 437 3386 ε
454 3345 512 3393 dum
522 3345 570 3392 iter
579 3351 675 3393 tenetur
958 3345 990 3392 ad
1012 3345 1094 3392 hostis
1120 3345 1251 3408 (periseou-

348 3416 707 3480 a':intersequendum(abso-
959 3417 1052 3465 tionem
1089 3415 1249 3478 designatus,

441 3487 510 3550 lutet,
530 3487 596 3536 unde
960 3488 1025 3536 unde

406 3585 632 3667 Sequendi,-do‚
651 3599 706 3664 ger.
905 3585 1331 3668 Sequendus,partnecessitatis.

1060 3690 1131 3724 GUlUS

786 3771 1380 3800 ‚af-W&

782 3821 849 3867 Usus
865 3832 898 3866 a:
917 3817 1042 3880 sequenda
1054 3817 1095 3866 uia
1142 3818 1208 3865 Usus
1225 3815 1258 3864 b:
1277 3830 1339 3878 quae
1355 3830 1392 3862 se·

941 3895 986 3950 est,
1163 3893 1236 3935 cutus
1258 3887 1309 3934 iam
1336 3901 1392 3934 sum

859 3971 906 4018 a':
925 3967 1096 4032 sequendum
1166 3974 1190 4015 et
1201 3982 1262 4029 quae
1269 3966 1392 4030 sequenda

949 4046 988 4088 est
1168 4037 1233 4086 mihi
1252 4044 1317 4099 sunt,

1232 4109 1297 4157 unde

1138 4187 1389 4217 w

1141 4233 1391 4316 Sequenduspart.

1168 4323 1253 4372 futuri.

1172 4395 1223 4457 (qui
1237 4408 1293 4443 sera
1306 4393 1391 4457 snivi).

276 4548 374 4620 Haec
402 4546 594 4645 descriptio
619 4561 653 4621 et
675 4574 783 4646 quam
809 4559 1050 4646 repraesentat
1077 4546 1239 4620 doctrina
1267 4546 1392 4618 suadet

228 4677 280 4754 ut,
306 4664 403 4760 quod
436 4663 481 4735 ad
511 4663 819 4764 rt'pnificott'onem
847 4676 958 4762 atque
988 4689 1090 4736 usum
1122 4663 1259 4751 attinet,
1290 4660 1392 4735 initio

230 4777 325 4851 idem
347 4778 457 4852 fuisse
483 4780 699 4852 arbitremur
726 4778 969 4877 gerundiuum
990 4780 1027 4850 in
1053 4779 1180 4851 Latino
1210 4804 1389 4869 sermone,

228 4895 326 4992 quod
344 4893 412 4968 fuit
429 4894 466 4966 in
488 4896 626 4968 Graeco
646 4896 875 4994 participium
890 4895 1225 4994 medio-passiuum.
