3534 5342
536 546 580 591 nu
605 544 759 590 urrunnu
784 545 923 594 onicinu
1017 535 1018 538 ’
1277 539 1317 598 35

125 769 233 868 Iup.
254 772 367 866 aas).
388 773 427 842 ln
443 772 510 844 hac
525 784 702 844 structura
715 771 767 843 ad
785 769 1050 871 imperandum,
1072 796 1141 842 non
1159 769 1317 867 prolecto

128 898 177 957 ut
199 885 416 985 imperaret,
439 913 555 986 neque
575 887 695 960 stricte
711 888 856 987 quidem
874 900 912 960 ut
930 887 966 958 ei
978 887 1236 987 imperaretur,
1256 886 1317 958 sed

130 1013 178 1073 ut
222 1001 480 1102 imperaretur,
503 1017 542 1075 ut
569 1003 754 1076 iuberetur
782 1006 895 1102 (pour
918 1002 1009 1101 qu’il
1029 1004 1096 1100 sai
1120 1003 1238 1080 donne'
1258 1001 1318 1072 des

129 1119 308 1208 ordres),
335 1118 371 1191 id
390 1134 444 1191 est
463 1119 624 1191 absolute
645 1134 679 1192 et
697 1119 997 1216 impersonaliter,
1020 1119 1139 1218 itaque
1158 1117 1315 1215 passiue,

132 1233 312 1330 intellegi
355 1235 472 1307 debet.
517 1235 653 1331 Igitur,
699 1233 733 1305 in
771 1234 894 1306 multis
931 1233 1019 1306 locis
1058 1233 1120 1305 ubi
1156 1260 1201 1306 ex
1243 1247 1318 1305 toto

134 1363 322 1422 contextu
338 1351 531 1423 uerborum
548 1350 765 1447 gerundium
780 1350 894 1447 accipi
910 1375 1015 1448 posse
1028 1350 1146 1422 actiae
1162 1349 1317 1438 uidetur,

130 1465 310 1560 piissi'ue,
341 1466 371 1537 si
405 1466 598 1564 diligenter
630 1467 807 1556 attendaS,
848 1465 1095 1563 accipiendum
1127 1480 1193 1539 est.
1228 1465 1317 1536 Cum

136 1580 239 1652 dicit
260 1581 392 1654 Caesar
417 1583 464 1654 B.
496 1583 535 1658 C.
571 1610 631 1652 111
661 1583 719 1670 80)
749 1582 971 1680 «Oppidum
998 1581 1049 1654 ad
1078 1580 1320 1679 diripiendam

140 1695 329 1768 militibus
344 1698 565 1787 concessit»,
588 1698 729 1770 uidetur
750 1697 801 1769 ad
820 1696 1062 1796 diripiendum
1091 1697 1206 1770 actiae
1236 1695 1319 1785 dici,

141 1839 202 1886 sc.
231 1826 269 1885 ut
289 1813 419 1886 milites
439 1814 651 1912 diriperent.
679 1814 749 1886 Sed
775 1814 856 1900 alia,
880 1839 921 1885 ac
941 1814 1055 1886 multo
1074 1814 1202 1886 melior
1226 1813 1322 1884 subit

140 1929 313 2000 animum
326 1929 585 2027 interpretatiO,
601 1930 631 2002 si
649 1930 813 2002 Caesaris
829 1929 939 2002 uerba
959 1955 1040 2001 cum
1050 1929 1144 2001 Tulli
1158 1928 1321 2001 conferas

149 2045 357 2140 (Prodom.
377 2046 450 2138 bol:
473 2048 598 2119 «Cum
618 2046 718 2118 alteri
738 2046 880 2144 Syriam
896 2045 948 2117 ud
958 2045 1323 2144 di'ripi'endumtradi-

147 2160 291 2232 disset»
301 2218 307 2232 .
319 2161 461 2233 Scilicet
472 2162 525 2233 ad
532 2161 776 2258 diripiendum
792 2187 909 2260 neque
920 2162 964 2233 ad
977 2161 1140 2258 Syriam,
1158 2160 1323 2258 nequead

148 2276 277 2365 alteri,
296 2262 410 2374 neque
426 2277 470 2349 ad
485 2277 668 2375 oppidum,
687 2277 862 2375 nequead
879 2276 1051 2350 militibus
1066 2275 1190 2349 referri
1203 2275 1321 2364 debet,

151 2390 219 2463 sed
238 2391 413 2483 absolute,
435 2407 469 2464 et
490 2392 777 2490 impersonaliter
792 2396 846 2488 (ut
865 2392 1098 2490 diriperetur,
1119 2404 1157 2464 at
1171 2391 1325 2491 direptio
1408 2421 1410 2426 ¹

139 2507 285 2606 fieret),
304 2508 504 2581 adhibetur.
525 2510 566 2580 Et
583 2509 619 2578 in
634 2509 702 2580 hoc
723 2509 1007 2580 Tusculanarum
1021 2508 1098 2580 loco
1113 2512 1146 2604 (1
1157 2507 1321 2601 ‚23.53):

156 2621 314 2694 «Etiam
340 2624 467 2695 ceteris
491 2649 582 2722 qnae
608 2638 811 2712 mouentur,
834 2624 891 2696 hic
910 2623 1003 2712 lons,
1027 2623 1244 2720 principium
1272 2636 1325 2694 est

154 2738 364 2828 mouendi»,
382 2738 469 2812 illud
481 2739 657 2828 mouendi,
668 2739 735 2811 etsi
750 2763 921 2836 graecum
931 2739 1097 2820 κινήσεως1
1110 2738 1239 2827 reddit,
1253 2762 1324 2809 non

154 2853 251 2924 idem
263 2867 381 2926 tamen
398 2880 475 2926 esse
489 2869 594 2954 atque
610 2867 725 2927 motus
738 2855 798 2952 tdu
812 2857 1072 2948 mouvement),
1091 2854 1153 2926 sed
1168 2853 1325 2925 strictius

156 2969 385 3067 interpretari
415 2970 620 3042 debererit
644 2970 785 3044 moueri
810 2971 872 3055 (du
903 2996 941 3042 se
965 2970 1142 3066 mouvoir)
1170 2967 1327 3041 ostendit

158 3085 376 3182 praecedens
391 3098 594 3175 mouentur,
614 3100 651 3157 ut
667 3100 760 3158 recte
778 3086 947 3158 admonet
966 3085 1196 3157 Weisweiler
1209 3083 1233 3157 ².

209 3201 248 3270 ln
267 3201 334 3271 hoc
350 3213 468 3272 tamen
485 3201 610 3273 ultimo
630 3201 721 3290 loco,
745 3215 780 3273 et
799 3200 836 3271 in
856 3201 934 3272 aliis
956 3200 1077 3272 multis
1097 3201 1142 3272 ad
1162 3214 1326 3272 naturam

160 3317 320 3387 nominis
349 3321 505 3410 (motusl,
530 3318 654 3389 autad
675 3343 789 3415 penus
813 3317 971 3389 actiuurn
991 3317 1158 3388 accedere
1186 3317 1327 3395 uidetur

159 3432 390 3528 gerundium.
414 3433 537 3530 Neque
552 3433 620 3504 hoc
636 3433 767 3504 mirum
785 3447 855 3522 est;
876 3432 1009 3504 namin
1025 3431 1129 3503 modo
1140 3430 1332 3529 personali

59 3602 61 3606 .
159 3573 277 3644 genus
293 3546 393 3618 uerbi
413 3568 493 3618 cum
515 3547 643 3637 laima,
665 3563 742 3620 tum
758 3548 919 3620 subiecto
935 3547 1101 3643 apposito
1120 3547 1298 3619 indicatur
1317 3575 1324 3619 :

171 3662 350 3760 Vergilius
368 3663 515 3760 legitur,
538 3665 708 3762 Odyssea·
721 3665 810 3736 lectu
825 3677 898 3752 est;
926 3675 965 3735 at
984 3663 1019 3735 in
1044 3663 1148 3734 modo
1167 3663 1330 3736 absoluto

161 3799 225 3850 seu
246 3777 493 3875 impersonali,
522 3780 598 3852 sola
625 3780 763 3851 forma:
792 3779 941 3877 lepi'tur,
971 3779 1096 3850 lectum
1124 3790 1186 3876 est.
1207 3780 1330 3876 ltaque

162 3893 200 3963 in
233 3893 301 3966 hoc
331 3895 446 3991 magis
477 3896 520 3968 ad
556 3895 672 3994 ipsam
705 3895 807 3968 uerbi
838 3894 1140 3993 significationem
1170 3894 1330 3966 animum

163 4009 399 4099 attendimus,
433 4024 468 4083 et
492 4011 714 4100 subiectum,
743 4037 825 4082 curn
850 4009 948 4083 nullo
976 4011 1120 4082 nomine
1147 4011 1332 4107 exprima-

164 4139 235 4214 tur,
258 4151 302 4196 ex
323 4151 390 4196 usu
411 4152 451 4198 ac
472 4126 732 4216 consuetudine
752 4126 942 4215 sermonis,
971 4125 1144 4222 fingimus
1170 4125 1330 4223 aliquod,

164 4241 260 4339 quod
288 4241 399 4314 uerbo
423 4267 631 4339 expressam
666 4242 842 4314 actionem
870 4241 990 4314 faciat:
1026 4267 1071 4314 on
1101 4242 1153 4333 lit,
1175 4267 1258 4314 oria
1281 4242 1330 4312 lu.

163 4358 213 4428 lta
241 4357 276 4426 in
307 4357 374 4428 hac
400 4371 600 4430 structura:
633 4383 651 4427 u
672 4356 841 4429 Feruudo
856 4360 990 4456 fructu
1017 4357 1131 4430 arbor
1153 4356 1287 4457 peribit
1297 4384 1333 4448 u,

197 4631 219 4680 l.
245 4629 288 4678 Cl.
317 4623 440 4680 PLATON.
462 4629 585 4688 Phidia,
616 4630 660 4680 245
684 4643 710 4680 c.
738 4630 864 4680 ἀλλὰκαὶ
889 4635 939 4687 τοῖς
962 4630 1045 4688 ἄλλοις
1071 4629 1119 4681 ὅσα
1139 4636 1242 4681 κινεῖται
1264 4634 1337 4681 τοῦτο

165 4704 233 4770 πηγή
250 4707 293 4754 καὶ
314 4704 379 4771 ἀρχὴ
400 4705 534 4768 κινήσεως.
555 4704 614 4756 citt
637 4719 687 4768 par
714 4706 846 4754 anunun
865 4709 892 4756 et
912 4706 1052 4764 Gonuznn,
1081 4705 1213 4757 Gramm.
1237 4719 1334 4769 comp.

165 4780 237 4842 2575
255 4793 323 4829 rem.

198 4860 223 4911 2.
245 4861 446 4918 Wrrswauun,
467 4860 487 4912 t.
510 4860 531 4912 l.
552 4874 581 4924 p.
597 4863 638 4914 93.
