3534 5342
565 619 609 662 nr
636 614 791 662 urrunnu
816 613 953 662 omanus
1316 603 1355 664 39

182 843 323 934 dicunt,
340 857 401 916 aut
410 843 612 941 personali.
628 846 676 915 At
690 842 903 942 pronomina
918 854 1048 914 neutro
1062 839 1118 913 uel
1134 866 1216 912 cum
1233 839 1353 911 uerbis

185 960 327 1032 neutris
347 960 550 1032 accusatiuo
570 985 654 1031 casu
674 985 780 1056 saepe
800 972 1010 1057 ponuntur:
1031 983 1098 1029 nec
1117 956 1239 1028 mirari
1258 956 1357 1054 quis·

185 1101 298 1173 quam
321 1089 437 1172 potest
456 1075 620 1148 Plautum
637 1075 759 1178 dicere
774 1072 999 1174 perferundi
1023 1098 1118 1172 quoe
1137 1071 1297 1160 minitas,
1321 1070 1362 1142 id

185 1192 392 1290 repetundi,
410 1190 573 1263 curando
592 1190 642 1280 id,
660 1216 742 1262 cum
761 1190 900 1263 dicatur
920 1189 960 1261 id
975 1189 1115 1278 laboro,
1133 1187 1199 1262 hoe
1217 1186 1355 1277 studeo,

184 1333 283 1404 quoe
301 1307 452 1379 conmist'
469 1319 507 1379 ut
527 1332 581 1379 me
598 1306 770 1406 defundes
791 1307 898 1382 (Meu.
917 1306 1012 1400 686).
1036 1304 1253 1376 Pronomina
1271 1307 1356 1375 nero

186 1423 406 1519 personalia,
430 1423 600 1520 genetiuo
620 1448 718 1512 casu,
747 1420 969 1518 temporibus
990 1420 1106 1492 Plauti
1134 1420 1244 1492 fuisse
1273 1419 1356 1490 bina

186 1539 283 1611 inter
296 1565 333 1610 se
342 1540 512 1611 certantia
528 1535 621 1634 (tut'sss
636 1539 694 1627 tir,
713 1537 795 1628 mei,
810 1537 874 1636 tui)
888 1531 1173 1610 testaturuersus
1186 1534 1361 1609 Pseudoli

188 1679 302 1752 supra
322 1655 528 1752 propositus
549 1655 699 1750 (Pseud.
726 1655 787 1747 6):

450 1805 560 1865 Labori
576 1805 707 1865 duorum
723 1804 921 1865 hominum...

451 1903 519 1963 Mei
532 1914 561 1964 te
579 1903 720 1981 rogandi,
739 1902 779 1962 u's
795 1901 997 1985 respondendi
1014 1901 1102 1977 mihi,

188 2037 219 2107 si
247 2038 354 2111 modo
373 2051 562 2134 corruptus
588 2063 660 2109 non
683 2051 750 2126 est,
772 2062 855 2108 narn
877 2036 1035 2108 codices¹
1057 2035 1203 2134 quidam
1223 2034 1358 2107 babent

189 2152 263 2224 Mis
279 2166 313 2226 te
331 2153 502 2250 rogandi,
525 2152 580 2225 tui
597 2151 847 2251 respondendi.
867 2153 937 2224 Sed
957 2178 1038 2224 cum
1062 2153 1131 2223 iam
1150 2165 1246 2242 tnnc,
1262 2151 1359 2248 quod

191 2294 237 2339 ex
254 2269 425 2341 uniuerso
445 2269 609 2341 Plautino
630 2295 696 2340 usu
717 2268 902 2366 probatur,
922 2283 1025 2340 uetus
1045 2267 1173 2356 forma,
1195 2266 1275 2356 nub,
1298 2267 1357 2356 tir,

192 2383 418 2457 obsolescere
441 2383 631 2481 coepisset,
651 2409 745 2456 noua
770 2409 856 2455 uero
876 2384 1080 2456 succederet
1099 2383 1179 2470 mei,
1202 2383 1268 2472 tui,
1290 2407 1360 2481 qua

191 2500 311 2597 magis
337 2526 395 2572 res
422 2500 467 2572 ad
497 2525 688 2596 personam
718 2499 874 2597 aliquam
903 2497 1122 2596 pertinentes
1150 2499 1236 2594 (mei
1264 2499 1360 2570 enirn

194 2615 281 2686 nibil
293 2631 347 2688 est
363 2616 431 2688 nisi
446 2631 612 2688 neutrum
625 2615 791 2688 adiectiui
804 2641 901 2687 rurus
913 2615 1082 2712 genetiuo
1092 2639 1176 2686 casu
1188 2615 1359 2711 positum)

191 2758 300 2829 quam
329 2731 445 2829 ipsam
476 2757 666 2829 personam
706 2731 940 2828 designantes
972 2731 1178 2828 scriptores
1214 2731 1358 2827 quando

192 2862 268 2920 erat
302 2872 454 2945 persona
485 2848 577 2944 ipsa,
612 2873 682 2919 non
719 2872 776 2918 res
810 2847 887 2918 eius
920 2846 1156 2942 designanda,
1189 2846 1270 2936 mei,
1311 2845 1365 2918 tui

194 2963 371 3052 uitabant,
389 2976 499 3035 etant
517 2965 596 3052 nur,
619 2962 678 3051 tis,
699 2977 760 3058 aut
786 2961 883 3034 aliud
909 2961 1051 3034 dicendi
1078 2987 1193 3058 genus
1211 2961 1361 3034 adhibe·
1450 3001 1452 3007 ·
1539 3011 1544 3018 -

195 3079 295 3150 bant.
326 3078 433 3169 Quod
454 3078 490 3149 in
510 3078 684 3176 exemplis
704 3079 775 3164 det
797 3079 816 3149 5
839 3078 1001 3174 contigit.
1032 3077 1124 3149 Nam
1147 3077 1182 3147 in
1211 3090 1362 3174 utroque

195 3194 346 3266 uerbum
376 3193 629 3293 (defraudare,
661 3200 813 3292 rogere)
849 3194 977 3285 melius
1003 3194 1047 3265 de
1074 3218 1229 3290 persona
1253 3218 1359 3291 quam

194 3311 238 3382 de
257 3336 296 3382 re
316 3310 445 3382 dicitur
466 3309 536 3406 (Cf.
559 3311 654 3382 Men.
674 3311 743 3382 686
760 3322 798 3381 ut
811 3335 866 3382 me
879 3309 1066 3407 defrudes)
1085 3337 1093 3400 ;
1115 3310 1185 3380 iam
1207 3331 1304 3398 uero,
1326 3309 1362 3378 in

196 3451 282 3516 nnc,
304 3437 337 3498 te
351 3425 572 3525 desuadendi
581 3427 626 3498 ad
639 3437 677 3497 ut
692 3451 747 3498 me
762 3425 933 3523 defundes
950 3426 1144 3523 respondet
1164 3451 1173 3514 3
1196 3426 1231 3495 in
1252 3425 1362 3498 altero

196 3556 329 3631 autem,
357 3542 542 3640 gerundi0-
559 3547 605 3636 (te
623 3540 800 3639 rogandi)
826 3541 905 3638 ipsa
925 3541 1026 3613 uerbi
1049 3541 1155 3631 actio,
1186 3555 1220 3613 et
1248 3566 1293 3612 ex
1322 3565 1364 3612 ea

196 3657 310 3747 labor,
332 3656 461 3729 melius
479 3657 706 3754 exprimitur,
727 3683 835 3755 quam
855 3656 1057 3753 gerandino
1085 3655 1155 3744 (tui
1172 3655 1360 3754 rogandi),

197 3788 231 3845 et
251 3773 322 3846 mei
339 3772 393 3845 tui
406 3772 568 3869 repandi
585 3772 882 3844 obscurissimum
909 3771 1046 3844 fuisset.

246 3889 285 3958 ln
312 3887 476 3960 uersibus
505 3887 736 3986 sequentibus
769 3889 941 3986 quinque,
968 3887 1218 3960 concinnitatis
1246 3888 1362 3985 gratia

197 4018 257 4075 aut
287 4003 468 4101 ponderis,
499 4003 668 4093 cutinei,
699 4002 840 4075 uidetur
866 4003 933 4074 hoc
956 4003 1102 4075 Plautus
1126 4004 1360 4102 quaesiuisse,

197 4119 374 4216 gerundio
401 4145 483 4191 cum
515 4119 720 4190 accusatiuo
745 4119 875 4191 obiecti
907 4118 1038 4215 posit0,
1067 4133 1105 4190 ut
1125 4119 1251 4192 eodem
1278 4144 1363 4191 casu

197 4248 259 4306 aut
278 4260 410 4331 genere
430 4234 585 4331 positum
606 4260 737 4306 nomen
764 4234 914 4322 nomini,
938 4235 1157 4331 gerundium
1171 4235 1361 4332 gerundi0‚

197 4351 443 4448 responderet.
470 4351 562 4422 Nam
578 4350 782 4422 accusatiuo
801 4351 995 4447 opponitur
1013 4351 1239 4422 accusatiuus
1259 4351 1365 4446 (Cir-

198 4491 276 4538 cum
310 4465 511 4564 Epidicum,
545 4492 624 4540 eum
658 4465 849 4554 bominem,
871 4466 990 4563 fidem
1014 4467 1147 4563 fidem,
1179 4465 1233 4538 ius
1261 4492 1364 4539 suum

200 4581 254 4655 ius
285 4589 429 4676 meum),
459 4597 493 4654 et
519 4583 689 4679 genetiuo
720 4583 838 4655 neutri
862 4581 1008 4679 generis
1034 4583 1194 4656 eiusdem
1222 4582 1365 4680 generis

200 4698 391 4796 genetiuus
406 4697 569 4785 (dicundi
576 4695 788 4796 perduudt‘).

233 4935 256 4986 1.
278 4933 319 4985 Cf.
343 4947 413 4998 quae
425 4933 511 4985 editio
527 4932 720 4984 Ritschleiana
736 4932 821 4984 editio
834 4933 960 4997 praebet.
