3534 5342
442 637 481 695 44
725 643 770 690 ms
800 643 988 692 onnuunivi
1015 643 1081 690 usu
1107 641 1320 690 aucunrronu

442 883 614 967 usurpato
630 869 838 968 reperitur¹,
856 885 917 942 aut
930 870 1027 969 qnod
1044 870 1159 942 maius
1171 884 1237 958 est,
1255 869 1423 942 uniuersa
1433 868 1613 956 oratione,

442 985 544 1058 cuius
573 1011 614 1058 ea
639 984 752 1058 forma
773 1012 857 1084 pars
881 1002 948 1077 est,
971 984 1185 1059 declaratur.
1214 987 1264 1058 ltu
1288 985 1323 1057 in
1353 985 1419 1056 hac
1434 983 1615 1056 sententia

441 1101 552 1174 libros
576 1102 611 1174 si
636 1101 820 1194 haberem,
850 1118 904 1175 est
928 1101 963 1174 si
986 1101 1191 1174 coniunctio
1215 1101 1464 1174 condicionem
1492 1125 1616 1172 enun-

442 1217 548 1306 tianS,
573 1217 742 1290 haberem
769 1233 889 1292 antem
909 1242 1087 1317 praesens
1111 1216 1246 1290 irrcolc
1275 1217 1373 1314 quod
1395 1217 1531 1289 dicunt.
1566 1215 1617 1286 At

442 1358 528 1405 uero
548 1332 650 1405 initio
670 1359 785 1433 neque
807 1333 842 1406 si
861 1335 907 1407 ad
931 1333 1215 1422 coniunctiones,
1240 1357 1356 1432 neque
1375 1331 1544 1405 haberem
1568 1330 1615 1402 ad

442 1474 612 1545 praesens
627 1449 793 1546 pertinet.
820 1452 912 1523 Nam
931 1450 967 1522 si
983 1449 1077 1522 idem
1097 1462 1152 1521 est
1172 1448 1274 1521 initio
1291 1463 1398 1547 atque
1412 1448 1464 1520 sic
1477 1447 1613 1543 (sice),

440 1565 610 1637 haberem
631 1590 716 1638 uero
727 1566 772 1637 ad
774 1564 1194 1664 praeteritumrelertur.
1214 1566 1260 1636 At
1275 1564 1312 1635 in
1323 1561 1508 1636 sententiis
1527 1562 1614 1660 qui-

439 1681 592 1753 busdam
611 1707 692 1753 cum
712 1707 818 1780 saepe
834 1683 1102 1770 adhiberentur,
1120 1681 1157 1751 in
1175 1680 1306 1779 quibus
1321 1680 1485 1753 condicio
1496 1705 1614 1752 enun-

439 1796 588 1868 tiaretur
605 1795 703 1869 irrita
721 1799 869 1895 optandi
885 1813 945 1870 aut
958 1797 1106 1870 iubendi
1125 1797 1246 1869 uerbis
1267 1795 1327 1892 (si,
1347 1796 1403 1868 uel
1419 1795 1483 1885 sic,
1505 1796 1610 1884 haec,

439 1911 488 1984 dii
497 1912 679 2010 faceretis
692 1919 737 2004 l),
758 1893 807 1987 ila
820 1914 955 1987 factum
968 1927 1021 1986 est
1037 1912 1210 2010 paulatim
1225 1927 1264 1984 ut
1275 1911 1310 1983 si
1322 1911 1493 1984 aduerbio
1508 1911 1611 1983 notio

439 2029 658 2101 condicionis
674 2044 902 2118 accresseret,
917 2030 1078 2125 optatiuo
1086 2027 1291 2129 praeterito
1305 2027 1402 2100 notio
1410 2026 1610 2125 praesentis

440 2141 586 2216 irreulz's
606 2145 913 2218 substituereturt

489 2276 623 2349 Eodem
639 2278 746 2351 modo
760 2279 1017 2375 gerundiuum,
1035 2278 1121 2351 dum
1137 2278 1174 2348 in
1190 2277 1405 2376 quibusdam
1420 2278 1609 2350 structuris

438 2393 640 2483 adhibetur,
653 2395 690 2464 in
699 2393 830 2494 quibus
839 2407 912 2467 toto
925 2395 1119 2467 uerborum
1128 2406 1300 2466 contemtu
1314 2394 1539 2490 propositum
1550 2393 1608 2466 uel

439 2509 657 2582 destinatum
669 2509 939 2599 enuntiabatur„
951 2509 1066 2608 ipsum
1078 2534 1164 2581 uero
1181 2509 1268 2580 nihil
1279 2509 1430 2581 habebat
1443 2509 1479 2579 in
1490 2535 1528 2580 se
1538 2508 1607 2580 nisi

436 2623 557 2696 inlecti
578 2625 891 2721 significationem,
913 2626 1086 2724 paulatim
1103 2625 1222 2696 uisum
1237 2638 1291 2696 est
1307 2625 1531 2723 propositum
1552 2626 1607 2697 uel

437 2740 653 2812 destinatum
675 2741 792 2839 ipsum
822 2742 1038 2839 exprimere,
1067 2756 1102 2813 et
1132 2741 1177 2812 ad
1205 2740 1480 2837 exprimendum
1505 2740 1607 2812 adhi-

438 2856 554 2927 bitum
569 2871 642 2928 est:
666 2883 758 2954 quae
777 2871 977 2929 structurae
996 2856 1205 2954 saepissime
1225 2855 1259 2926 in
1276 2855 1440 2928 formulis
1462 2882 1605 2952 precum

437 2986 472 3043 et
492 2970 614 3067 legum
639 2972 684 3044 ab
705 2972 829 3044 ultima
851 2973 1060 3071 antiquitate
1079 2971 1363 3070 frequentantur.
1391 2972 1604 3045 Huiusmodi

438 3101 521 3158 sunt
549 3113 556 3158 :
585 3088 685 3185 apri,
711 3088 831 3187 fundi
854 3089 1048 3179 lustrandi,
1083 3089 1281 3187 lustrisque
1302 3087 1473 3186 faciendi
1502 3113 1603 3186 erpo,

438 3215 615 3300 quattuor
635 3204 710 3276 uiri
727 3203 872 3276 uiarum
892 3206 1156 3295 curandorum,
1177 3217 1344 3277 oratores
1360 3203 1468 3303 pacis
1483 3216 1605 3302 peten-

437 3319 517 3405 dae,
536 3329 609 3390 tres
628 3319 703 3391 uiri
715 3320 820 3417 apris
837 3319 981 3410 dandis,
994 3319 1246 3418 adaquandis,
1264 3319 1459 3394 decemuiri
1471 3319 1605 3417 lepidus

439 3434 643 3507 scribundis
665 3435 793 3524 erecti,
822 3449 974 3509 curator
993 3435 1107 3508 muris
1127 3435 1350 3536 reficiendis,
1372 3451 1438 3509 cet.

487 3569 552 3646 His
568 3569 603 3639 in
621 3568 785 3642 formulis
801 3596 928 3642 sensus
944 3561 1125 3660 destinati,
1135 3570 1334 3670 propositi,
1342 3569 1452 3669 finis,
1472 3567 1602 3668 officii,

438 3698 512 3757 toto
527 3685 698 3757 orationis
714 3700 885 3758 contextu
901 3684 1113 3775 declaratur,
1127 3687 1281 3783 singulis
1297 3711 1382 3758 uero
1396 3684 1606 3783 gerundiuis

437 3803 529 3896 (ug.
546 3800 739 3884 lustrandi)
757 3801 843 3872 nihil
856 3801 925 3872 nisi
938 3801 1051 3897 ipsius
1066 3803 1165 3874 uerbi
1179 3818 1269 3899 (ug.
1284 3800 1451 3893 lustrari)
1465 3825 1603 3889 sensuS,

437 3930 472 3988 et
491 3916 520 3986 is
540 3915 683 4013 quidem
710 3911 888 4014 passinus,
916 3917 1035 3989 inest:
1056 3917 1104 3989 ita
1125 3933 1163 3990 ut
1181 3917 1467 4014 incorporalibus
1492 3915 1605 3988 nomi-

438 4030 564 4102 nibus3
579 4045 670 4129 (ug.
688 4031 778 4131 apri
788 4032 1014 4105 lustrationis
1028 4043 1132 4130 erqo)
1148 4033 1279 4130 pariter
1294 4032 1471 4105 enuntiari
1486 4045 1606 4129 posset

471 4343 493 4392 t.
517 4344 561 4392 Ita
578 4338 675 4392 Baitai.
691 4355 803 4391 sensum
834 4359 845 4386 «
865 4343 1059 4394 inchoatiuum
1078 4361 1089 4389 u
1112 4343 1141 4391 in
1159 4342 1245 4392 uerba
1267 4343 1295 4391 in
1313 4355 1371 4393 -seo
1388 4343 1554 4400 desinentia,
1573 4357 1605 4393 ex

439 4418 606 4481 quibusdam
624 4419 719 4467 formis
736 4425 767 4468 ut
781 4417 923 4475 adolesse,
941 4419 1073 4482 floresco,
1091 4431 1208 4470 seneseo
1227 4418 1336 4468 illatum
1351 4422 1455 4469 censet.
1474 4445 1500 4455 -
1522 4417 1605 4471 Essai

438 4495 474 4543 de
488 4493 684 4556 sementinae,
703 4494 748 4542 ch.
766 4505 804 4550 111,
823 4492 1039 4543 l'lrradlation.

468 4575 492 4622 1.
508 4573 587 4630 Vide,
602 4573 649 4629 sis,
662 4585 734 4636 quae
750 4573 782 4621 de
798 4573 850 4622 hac
866 4587 894 4622 re
912 4573 1065 4636 disputem,
1090 4574 1119 4622 in
1139 4573 1208 4623 meis
1232 4571 1349 4625 «Noles
1369 4573 1404 4624 de
1423 4574 1604 4636 qrammaire

437 4647 540 4709 latine,
555 4664 583 4712 p.
607 4648 661 4698 119.
682 4649 725 4698 ct.
745 4642 850 4704 satin,
868 4662 895 4698 o.
918 4663 944 4698 e.
962 4662 991 4711 p.
1012 4649 1068 4698 225.

467 4730 492 4778 3.
509 4729 552 4777 Cl.
573 4727 642 4777 tiu.
662 4740 746 4777 111111.
763 4745 774 4772 n
785 4728 933 4791 lingebant
947 4729 1070 4790 ingentis
1082 4729 1197 4792 spiritus
1208 4730 1300 4779 uirum
1312 4729 1408 4780 Sicilia
1425 4728 1604 4792 Sardiniaque

436 4804 585 4852 amissae»
613 4803 685 4865 quod
707 4803 813 4853 Gallice
835 4805 907 4854 uerti
931 4807 1024 4866 potest
1046 4821 1058 4850 n
1077 4804 1105 4854 la
1121 4809 1200 4868 perte
1225 4807 1259 4856 de
1282 4806 1310 4855 la
1327 4805 1411 4857 Sicile
1434 4823 1466 4864 »ς
1498 4806 1548 4856 sed
1573 4819 1606 4856 ea

436 4878 565 4928 uersione
582 4878 699 4942 perfecti
724 4879 810 4936 notio,
829 4892 900 4943 quae
917 4883 960 4928 est
977 4881 1006 4928 in
1029 4883 1157 4931 amissae
1174 4868 1230 4930 non
1248 4881 1383 4932 redditur.
1404 4883 1447 4932 lta
1463 4882 1528 4946 apri
1547 4882 1605 4932 lus-

437 4953 540 5004 trandi
558 4967 626 5017 erqo
643 4953 719 5003 reddi
737 4958 831 5018 potest
848 4971 860 4999 (1
876 4967 912 5004 en
929 4967 985 5004 oue
1002 4954 1038 5006 cte
1057 4955 1085 5006 la
1099 4957 1297 5020 purification
1315 4957 1387 5008 d’un
1404 4957 1512 5023 charnp
1527 4977 1540 5006 »
1558 4957 1606 5009 sed
