3534 5342
554 586 599 631 ou
625 583 780 630 urrunnu
807 584 946 632 omanus
1030 563 1031 566 ’
1296 580 1332 638 31

136 808 303 882 d'autre
323 823 403 907 part
417 810 450 882 la
465 809 656 883 diffe'rence
676 809 862 908 vocatique
881 811 929 882 du
948 809 1120 907 gerondif
1146 809 1283 907 opendi
1301 825 1335 882 et

136 925 188 997 de
206 925 397 1023 l’adjectif
408 925 529 998 verbal
546 925 714 1026 oqundua
729 926 818 998 reud
833 940 975 1023 compte
996 951 1060 1024 par
1077 951 1145 997 une
1161 927 1334 999 contami-

138 1041 288 1113 nation
311 1040 395 1114 bien
426 1041 528 1114 facile
561 1047 581 1114 a
610 1041 785 1114 admettre
813 1042 857 1115 de
886 1055 976 1114 cette
1004 1045 1121 1124 meme
1142 1041 1332 1116 difference

137 1170 262 1230 entre
284 1157 316 1230 le
334 1170 419 1255 type
439 1157 614 1230 oriundus
632 1171 667 1230 et
681 1157 713 1229 le
732 1169 818 1254 type
840 1157 1081 1229 uoluendus.»
1104 1156 1173 1229 Sed
1201 1183 1267 1230 nec
1285 1157 1334 1229 ita

138 1272 269 1345 nobis
290 1273 377 1346 satis
397 1272 570 1371 probatur
590 1273 776 1371 proposita
796 1272 998 1345 sententia:
1021 1298 1106 1343 nam
1131 1286 1165 1345 et
1185 1272 1254 1345 alia
1275 1273 1335 1345 uia

139 1385 300 1460 factum
336 1403 390 1461 est
424 1403 463 1462 ut
495 1414 514 1461 e
546 1388 750 1486 gerundiuo
783 1389 929 1485 passiuo
965 1402 1093 1475 ortum,
1116 1388 1333 1486 gerundium

141 1504 321 1576 actiuam
340 1505 520 1578 uideretur
538 1505 670 1578 habere
695 1504 997 1601 significationem
1029 1503 1084 1598 (cf.
1114 1503 1207 1576 infra
1229 1530 1265 1602 p.
1289 1506 1334 1591 36

142 1622 251 1717 sq.),
285 1635 319 1693 et
341 1647 385 1692 ex
408 1647 475 1692 usu
491 1620 692 1718 priscorum
708 1619 943 1716 scriptorum,
967 1645 1007 1691 ac
1029 1619 1185 1692 maxime
1202 1621 1331 1710 Plauti,

143 1753 315 1833 apparet
334 1736 467 1809 formas
484 1736 521 1807 in
535 1736 672 1808 -undus
688 1736 820 1833 pariter
839 1735 1006 1832 gerundii
1021 1749 1127 1833 atque
1142 1737 1335 1831 gerundiui

143 1849 275 1924 fuisse
287 1851 325 1922 in
337 1852 517 1950 plerisque
529 1851 662 1941 uerbis,
679 1850 812 1923 formas
828 1877 914 1924 uero
931 1851 967 1922 in
983 1850 1115 1922 -euclus
1130 1851 1334 1925 desinentes

145 1968 297 2063 pariter
312 1968 348 2038 in
362 1967 567 2066 gerundiuo
589 1967 816 2062 (uoluendus)
831 1981 866 2039 et
884 1967 921 2036 iu
940 1966 1117 2063 gerundio
1135 1967 1335 2064 (uolueuub')

146 2083 341 2155 adhibitas
357 2084 392 2155 in
415 2082 534 2156 uerbis
551 2109 644 2180 quae
662 2108 707 2154 uo
726 2082 853 2155 litteris
869 2082 1120 2171 terminantur,
1142 2096 1180 2153 ut
1194 2081 1331 2182 linque,

147 2198 277 2288 solum
295 2199 389 2271 unde
399 2199 436 2268 in
451 2198 587 2296 reliqua
599 2211 631 2271 et
642 2198 842 2294 gerundiua
858 2212 893 2270 et
907 2197 1082 2295 gerundia
1098 2215 1335 2294 peruaserunt

149 2313 235 2408 (Cf.
260 2340 340 2411 sup.
367 2340 403 2411 p.
435 2317 509 2409 22).

209 2430 251 2524 5)
266 2429 459 2528 Reliquum
473 2442 526 2502 est
540 2429 651 2525 igitur
663 2443 702 2501 ut
715 2429 932 2526 gerundium
948 2454 967 2501 e
982 2431 1186 2527 gerundiuo
1199 2432 1334 2504 oriatur

153 2545 342 2618 actionem
377 2571 449 2618 non
488 2544 645 2617 futuram
684 2571 725 2618 ac
769 2545 1030 2636 necessariam,
1067 2547 1130 2619 sed
1166 2547 1334 2620 infectam

155 2660 402 2758 exprimente.

211 2777 318 2868 Quod
333 2778 514 2875 quomodo
529 2777 663 2850 factum
691 2777 749 2867 sit,
766 2801 849 2848 cum
864 2775 997 2849 factum
1015 2777 1061 2850 sit
1078 2778 1113 2848 in
1128 2779 1332 2876 gerandino

155 2916 226 2964 seu
245 2892 433 2990 participio
448 2892 586 2991 insecti,
599 2893 734 2965 indicat
749 2892 876 2963 similis
893 2919 979 2965 usus
998 2893 1163 2991 participi
1171 2894 1337 2992 perfecti

156 3007 311 3103 passiui.
343 3008 435 3080 Nam
461 3009 527 3080 hoc
548 3008 791 3105 participium,
819 3020 858 3079 ut
880 3023 1005 3081 notum
1026 3023 1092 3098 est,
1120 3035 1191 3080 uon
1217 3009 1333 3081 solum

157 3147 245 3194 cum
278 3123 438 3197 subiecto
469 3124 658 3197 adhibetur
686 3123 792 3220 (liber
823 3125 934 3196 lectus
964 3127 1031 3221 est)
1062 3124 1125 3196 sed
1152 3125 1332 3197 interdum

157 3238 271 3310 etiam
286 3239 364 3312 sine
384 3239 557 3330 subiecto,
582 3238 630 3311 ita
652 3254 691 3311 ut
702 3239 826 3311 neutri
849 3238 1001 3310 formam
1023 3239 1174 3336 accipiat
1193 3241 1331 3332 (lectum

158 3367 228 3444 est,
246 3354 333 3427 itum
348 3368 413 3444 est,
427 3369 466 3427 ut
478 3355 627 3453 lepitur,
648 3355 751 3449 itur);
770 3354 832 3426 sed
848 3380 920 3427 non
935 3355 1003 3427 hoc
1017 3368 1174 3427 tantum:
1195 3381 1278 3427 nam
1295 3370 1334 3428 ut

159 3469 255 3542 libro
271 3471 372 3562 lecto,
390 3471 438 3542 ita
461 3471 589 3542 dicitur
610 3470 773 3542 absolute
792 3470 892 3556 lecto,
913 3470 949 3542 id
969 3485 1023 3543 est
1044 3470 1106 3542 ubi
1119 3472 1245 3543 lectum
1265 3483 1331 3562 est,

159 3609 241 3658 cum
257 3586 383 3658 lectum
398 3599 500 3658 esset.
520 3588 570 3658 Ita
588 3587 668 3658 Ter.
687 3587 775 3658 Hec.
797 3585 865 3682 737
887 3613 895 3657 :
922 3612 940 3655 κ
955 3587 1004 3656 Ea
1021 3600 1133 3658 aetate
1148 3587 1220 3659 iam
1236 3613 1330 3676 sum,

160 3716 287 3774 utnon
310 3704 390 3790 siet,
406 3714 556 3800 peccato
576 3701 617 3799 (=
634 3701 668 3773 si
682 3728 705 3774 u
726 3728 781 3774 me
794 3707 981 3799 peecatum
1000 3701 1062 3794 sit)
1084 3701 1171 3772 mihi
1193 3702 1333 3798 ignosci

161 3842 330 3915 aequum.
347 3844 365 3888 »
389 3817 457 3890 Hic
475 3843 576 3907 usus,
597 3817 725 3914 priscis
740 3817 977 3914 temporibus,
999 3817 1156 3889 ablatiuo
1175 3818 1331 3890 maxime

161 3958 260 4022 casu,
280 3933 421 4005 uidetur
436 3933 612 4005 ualuisse:
633 3958 715 4004 nam
731 3957 773 4004 eo
783 3933 1034 4004 maximecasu
1054 3957 1178 4022 ceusu,
1196 3932 1331 4005 instru-

160 4035 330 4139 mentum,
370 4049 529 4147 aliaeque
566 4047 743 4120 eiusmodi
779 4048 958 4137 notioneS,
998 4073 1087 4146 quas
1126 4047 1331 4146 frequenter

161 4165 363 4261 exprimere
396 4169 541 4237 necesse
574 4178 640 4253 est,
676 4163 940 4260 exprimuntur.
978 4164 1063 4235 {nde
1094 4163 1153 4234 illa
1182 4163 1330 4260 perfecti

161 4280 348 4377 participia
375 4280 540 4352 oriuntur
565 4304 656 4378 quae
682 4279 727 4351 ad
758 4279 831 4351 uim
858 4278 931 4351 sero
957 4279 1200 4351 aduerbialem
1229 4292 1329 4351 tran-

160 4396 326 4468 sierunt:
360 4395 546 4494 auspicato
574 4395 705 4483 (Plaut.
733 4395 842 4466 Pera.
876 4395 979 4490 607),
1008 4394 1167 4467 consulto
1196 4395 1323 4492 (Poen.

161 4513 261 4609 788),
278 4523 401 4609 optato
417 4510 564 4609 (Amph.
579 4511 678 4602 658),
696 4509 862 4582 intestato
874 4511 963 4605 (Cic.
976 4510 1032 4580 De
1045 4510 1109 4582 Or.
1126 4511 1218 4608 139·
1231 4517 1324 4608 177),

159 4626 335 4700 sutisduto
357 4627 437 4723 (Ad
454 4627 530 4698 Att.
554 4653 628 4697 xvi.
652 4626 742 4715 63),
767 4626 896 4698 sortito
922 4624 981 4722 (In
1012 4625 1115 4698 Verr.
1149 4626 1324 4717 ntor),

159 4757 228 4817 cet.
268 4745 308 4814 ln
343 4743 491 4841 reliquis
529 4742 672 4814 casibus
706 4742 801 4814 idem
837 4767 923 4812 usus
956 4742 1070 4813 rarior
1107 4743 1252 4841 quidem
1285 4769 1326 4815 ac

160 4859 337 4956 posterior
359 4859 554 4930 inuenitur.
578 4857 676 4946 (Liu.
701 4857 818 4928 1.53.1
849 4856 883 4925 ni
909 4856 1165 4951 depenerutum
1188 4858 1223 4927 in
1247 4858 1326 4930 aliis
