3534 5342
373 508 376 513 '
389 505 433 549 DE
459 503 608 550 11111111
628 503 783 552 tremeret
790 504 892 550 rtottts
919 503 1179 553 PROPAGATIONE
1330 501 1370 559 47

205 753 312 824 supra
339 727 558 816 monuimus
590 754 675 800 usus
702 728 793 800 alius
811 727 1043 804 attributiuus
1069 727 1185 824 (band
1201 728 1371 802 mtranda

181 895 183 898 .
196 844 335 940 sueta),
361 843 452 916 alius
481 844 746 941 praedicatiuus
772 843 939 944 (scyphos
971 868 1062 942 quos
1093 844 1241 916 utendos
1258 844 1369 940 dedi),

204 958 295 1030 alius
310 959 464 1058 denique
484 975 590 1058 que'm
604 958 918 1058 periphrasticum
937 959 1061 1032 dicunt
1080 959 1188 1054 (liber
1203 960 1373 1057 legendus

203 1081 296 1167 estl:
327 1090 376 1166 at,
405 1076 442 1145 in
469 1076 598 1174 quouis
618 1102 699 1164 usu,
725 1075 968 1172 gerundiuum
996 1075 1063 1147 hoc
1093 1075 1238 1172 passiuo
1264 1093 1372 1148 sensu

204 1190 365 1263 adhiberi
391 1217 497 1264 nemo
518 1217 589 1264 non
614 1191 800 1288 intellegit.
830 1191 943 1288 Igitur
965 1191 998 1264 ei
1018 1191 1191 1292 paulatim
1216 1191 1372 1264 accreuit

202 1305 240 1376 in
264 1307 394 1378 animis
422 1308 520 1379 notio
541 1307 699 1404 passiua,
721 1308 769 1378 ita
789 1321 828 1380 ut
852 1307 929 1379 eius
953 1307 1099 1404 propria
1118 1333 1210 1398 esse,
1238 1332 1304 1380 nec
1328 1307 1373 1380 ab

204 1446 246 1492 eo
270 1423 428 1519 separari
450 1448 556 1520 posse
573 1423 765 1495 uideretur.

254 1537 287 1629 b)
303 1539 366 1609 llst
380 1539 486 1612 etiam
503 1538 613 1611 altera
629 1563 747 1628 causa,
765 1538 857 1610 uude
873 1537 1006 1610 factum
1032 1552 1084 1610 est
1105 1552 1144 1611 ut
1167 1538 1370 1644 gerundiuo

204 1653 259 1726 uis
281 1654 425 1750 passiua
447 1655 720 1726 inhaeresceret.
744 1655 841 1725 Haec
856 1668 975 1725 autem
993 1679 1060 1725 usu
1079 1654 1236 1752 quodam
1257 1654 1372 1725 Latini

204 1770 379 1842 sermonis
403 1771 549 1868 proprio
573 1769 775 1842 continetur
806 1796 814 1841 ε
839 1795 945 1867 quem
970 1795 1075 1842 usum
1099 1770 1269 1842 Dosson¹
1290 1795 1372 1842 cum

204 1886 248 1958 ad
291 1885 388 1958 aliud
426 1886 653 1983 probandum
692 1885 976 1982 designauisset,
1013 1885 1225 1958 Lebreton2
1256 1886 1302 1962 ad
1337 1886 1373 1958 id

205 2001 458 2099 explicandum
474 2003 518 2075 de
537 2027 608 2100 quo
625 2001 866 2099 disputamus,
885 2001 1070 2099 aptissime
1084 2001 1257 2073 adhibuit.
1280 2001 1373 2076 Nam

206 2117 361 2207 Dossou,
379 2143 461 2189 cum
476 2118 723 2190 admonuisset
741 2143 760 2187 κ
775 2115 943 2189 facultate
958 2117 1079 2189 animo
1095 2117 1232 2189 infinita
1251 2117 1374 2189 conoi-

206 2233 327 2330 piendi
346 2234 395 2305 ita
414 2258 534 2306 carere
553 2233 727 2331 quosdam
744 2232 898 2330 populos
920 2246 957 2305 ut
976 2233 1063 2303 nihil
1084 2233 1292 2330 intellegere
1317 2233 1373 2306 uel

207 2349 408 2446 exprimere
428 2363 588 2448 possent,
615 2349 683 2420 nisi
699 2349 795 2447 quod
813 2362 906 2420 esset
926 2349 1088 2445 personis
1100 2348 1205 2421 certis
1220 2363 1254 2421 et
1265 2349 1373 2421 rebus

205 2464 391 2536 definitum
420 2493 455 2554 u,
491 2466 578 2538 haec
610 2463 800 2538 addidit³z
839 2490 858 2534 κ
889 2465 965 2536 Hac
996 2463 1163 2537 facultate
1186 2490 1372 2563 uunquam
1437 2473 1448 2485 '

205 2581 354 2653 omnino
384 2595 578 2654 caruerunt
605 2579 742 2678 Aryani
773 2580 914 2676 populi;
944 2605 1021 2652 eam
1054 2593 1173 2652 tamen
1203 2580 1372 2652 nonnisi

204 2697 368 2793 angustis
388 2695 695 2793 circumscriptam
720 2695 883 2768 terminis
908 2695 1117 2768 habuerunt.
1144 2695 1244 2787 Quae
1273 2696 1370 2767 enim

206 2811 315 2883 uerba
344 2811 513 2884 dicuntur
539 2812 730 2902 abstracta,
761 2836 842 2882 raro
869 2837 889 2883 a
918 2811 1022 2908 plebe
1049 2811 1227 2902 Romana,
1257 2825 1296 2883 ut
1327 2837 1373 2883 ex

206 2927 380 3000 Plautinis
400 2926 531 3000 fabulis
551 2927 719 3025 colligere
736 2927 832 3016 licet,
857 2927 1001 3016 usitata,
1024 2927 1207 3006 Ciceronis
1226 2927 1372 2999 demum

203 3043 427 3141 temporibus
447 3044 484 3114 in
504 3043 665 3140 linguam
685 3043 832 3114 latinam
848 3042 952 3141 quasi
967 3068 1033 3140 pro
1048 3043 1164 3114 alieno
1185 3042 1261 3114 iure
1277 3042 1373 3114 irru-

204 3172 346 3256 perunt.
369 3159 514 3255 lnopiae
529 3159 580 3229 illi
603 3185 674 3258 qua
692 3158 838 3230 Latinus
856 3183 973 3230 sermo
991 3157 1190 3248 laborabat,
1210 3158 1373 3254 pluribus

202 3275 318 3346 modis
337 3300 545 3347 succurrere
564 3274 721 3346 Romani
741 3274 857 3346 conati
878 3288 1005 3346 sunt...
1032 3274 1123 3346 lllud
1143 3298 1229 3346 uero
1252 3274 1372 3346 minus

203 3391 405 3487 uulgatum,
430 3390 659 3489 participium
680 3389 922 3487 gerundiuum
939 3415 1081 3488 quoque
1101 3415 1182 3461 cum
1199 3389 1371 3461 substau-

204 3505 278 3593 tiuo
293 3506 515 3604 copulatum,
533 3506 743 3602 praesertim
759 3506 789 3577 si
804 3531 824 3577 a
840 3505 1104 3602 praepositione
1117 3505 1285 3602 pendeat,
1307 3531 1373 3602 pro

204 3621 347 3693 nomine
367 3621 545 3693 abstracto
561 3621 647 3718 poni
670 3645 775 3719 posse
794 3620 843 3692 ita
861 3635 900 3692 ut
918 3620 1005 3690 nihil
1020 3619 1161 3692 intersit
1176 3620 1268 3692 inter
1288 3646 1307 3690 r<
1328 3620 1373 3692 ad

204 3735 466 3809 defendendam
486 3737 612 3820 urbem
628 3764 647 3809 n
665 3751 700 3808 et
721 3761 740 3806 «
762 3736 806 3808 ad
826 3734 1071 3808 defensionem
1092 3735 1219 3807 urbisf
1236 3763 1271 3808 1).

253 3853 344 3924 Τ11111
375 3853 540 3949 exempla
567 3851 703 3949 profert
729 3851 784 3924 uir
809 3850 1073 3924 eruditissimus
1096 3851 1285 3949 inquibus
1312 3865 1374 3923 aut

205 3968 329 4050 eadem
348 3968 522 4040 sententia
542 3993 637 4040 nuuc
649 3967 867 4065 gerundiuo,
881 3991 977 4039 nunc
996 3967 1213 4064 incorporali
1227 3966 1372 4038 nomine

203 4083 430 4182 exprimitur,
460 4098 521 4156 aut
549 4083 611 4155 ubi
637 4083 673 4153 in
699 4083 825 4156 eodem
852 4083 1046 4155 uerborum
1069 4083 1260 4180 complexu
1288 4105 1370 4154 cum

204 4199 414 4272 nominibus
429 4199 618 4272 abstractis
633 4199 877 4296 gerundiuum
896 4224 977 4270 cum
1000 4197 1145 4271 nomine
1164 4198 1372 4295 copulatum

204 4315 362 4412 ponitur.
386 4315 550 4407 Quorum
570 4341 682 4387 unum
702 4329 737 4388 et
751 4315 904 4388 alterum
923 4313 1055 4387 referre
1075 4313 1161 4386 satis
1177 4313 1271 4386 erit:

238 4562 261 4612 1.
279 4561 400 4617 Dossou,
418 4559 438 4610 1.
458 4559 477 4610 1.
491 4561 533 4610 51.

235 4642 259 4692 1.
281 4642 440 4697 1111111101,
460 4639 480 4690 l.
503 4638 524 4689 1.
546 4638 672 4702 1111581.

235 4724 260 4772 3.
283 4722 403 4781 Dosson,
418 4720 440 4771 1.
459 4719 480 4770 1.
496 4721 537 4770 57.
901 4767 904 4773 .

235 4803 260 4852 1.
282 4802 341 4852 Hoc
358 4803 496 4863 quatenus
508 4812 603 4851 uerum
618 4799 662 4856 sit,
679 4811 764 4862 supra
780 4797 948 4857 monuimus,
966 4811 996 4861 p.
1015 4797 1056 4847 tr.
