3534 5342
481 567 521 628 34
766 577 810 622 nu
835 576 1023 626 0111101111
1050 579 1115 626 usu
1143 579 1355 628 1101111011

530 802 779 877 Gerundiuum
800 803 910 902 igitur
930 805 1192 878 nominatiuum
1214 805 1426 894 nonhabet,
1458 820 1499 878 ut
1526 831 1651 902 gram-

482 917 602 990 matici
619 921 794 1008 monent¹,
814 945 880 993 nec
893 919 989 993 aliud
1001 936 1052 994 est
1066 921 1133 992 nisi
1144 922 1337 1018 gerundiui
1350 947 1436 994 usus
1447 921 1648 994 absolutus.

530 1035 572 1106 B.
587 1035 742 1108 -Haec
756 1060 837 1108 cum
852 1035 899 1108 sit
912 1036 1081 1134 gerundii
1091 1037 1212 1134 origo,
1227 1036 1367 1109 facilius
1378 1037 1529 1109 soluitur
1545 1063 1652 1134 saepe

480 1150 613 1247 agitata
644 1151 807 1248 quaestio
837 1153 881 1224 de
912 1152 1164 1249 generemus,
1201 1167 1319 1226 utrum
1343 1153 1501 1225 actiuum
1525 1153 1575 1224 sit
1609 1179 1651 1224 an

481 1265 680 1362 passiuum.

529 1381 666 1478 Optimi
693 1382 788 1454 enim
822 1383 1074 1479 grammatici²
1093 1385 1260 1481 gerundii
1288 1410 1394 1457 usum
1415 1410 1486 1457 101
1511 1383 1651 1482 princi-

481 1496 597 1593 palem
627 1497 727 1570 illum
761 1497 892 1588 solum,
927 1499 989 1572 sed
1021 1500 1231 1572 uniuersum
1261 1501 1542 1590 considerantes
1575 1525 1652 1572 esse

480 1612 556 1684 eius
574 1638 688 1710 penus
708 1628 842 1710 negant
859 1639 867 1702 ;
888 1629 922 1687 et
937 1640 1001 1686 eur
1021 1641 1136 1713 neque
1156 1615 1313 1689 actiuum
1336 1617 1382 1689 sit
1403 1642 1518 1714 neque
1534 1616 1654 1714 passi-

479 1755 580 1818 uum,
600 1729 776 1801 rationem
797 1730 900 1803 affert
918 1731 1176 1822 Weisweiler³‚
1198 1733 1409 1830 quodcum
1429 1733 1474 1804 ad
1501 1733 1651 1804 modum

478 1844 757 1941 impersonalem
776 1845 964 1935 referatur,
982 1872 1053 1919 101
1072 1847 1189 1944 magis
1204 1873 1314 1945 quam
1329 1847 1537 1944 coniugatio
1557 1872 1651 1946 quae

479 1959 609 2032 dicitur
635 1961 892 2058 periphrastica
916 1962 1113 2058 (0911111111
1132 1966 1211 2056 est),
1232 1989 1350 2060 genus
1372 1963 1502 2036 hahere
1521 1963 1648 2060 possit.

529 2076 599 2148 Sed
612 2076 699 2148 haec
712 2090 814 2148 caute
830 2077 1038 2174 accipienda
1055 2092 1138 2150 sunt
1157 2106 1165 2150 :
1189 2104 1272 2149 nam
1288 2077 1454 2176 plurimis
1468 2103 1653 2176 gramma-

479 2191 558 2262 ticis
588 2193 705 2288 magis
727 2193 871 2289 passiua
898 2219 1006 2291 quam
1034 2193 1150 2266 actiua
1179 2195 1348 2267 uidentur
1378 2209 1413 2266 et
1441 2194 1651 2291 coniugatio

480 2308 752 2404 periphrastica,
771 2323 805 2380 et
824 2310 952 2381 medus
968 2309 1232 2406 impersonalis.
1253 2311 1327 2382 Nee
1342 2310 1521 2382 immerito
1539 2337 1547 2380 ι
1567 2335 1651 2380 nam

479 2423 573 2494 inter
592 2423 780 2521 leqenclum
792 2437 857 2514 est,
881 2439 916 2498 et
931 2424 1100 2522 leqendus
1119 2425 1209 2498 liber
1228 2439 1294 2516 est,
1316 2426 1440 2498 eadem
1462 2424 1652 2498 intercedit

478 2538 570 2610 ratio
591 2564 683 2636 quae
714 2539 805 2611 inter
834 2539 961 2612 lectum
980 2554 1032 2612 est
1059 2555 1092 2612 et
1121 2541 1230 2614 lectus
1260 2540 1352 2614 liber
1363 2554 1433 2614 est.
1473 2543 1597 2638 ltaque
1621 2539 1651 2610 si

480 2653 606 2725 lectum
636 2666 687 2725 est
721 2656 864 2751 passiue
894 2656 1227 2754 accipitur‚·eodem
1251 2658 1359 2729 modu
1382 2656 1570 2754 lependum
1599 2667 1649 2727 est

480 2769 676 2866 accipiatur
692 2785 845 2867 oportet.
872 2773 914 2843 Et
929 2772 1067 2844 Tullius
1083 2797 1164 2843 cum
1180 2773 1264 2845 dicit
1281 2799 1289 2843 ε
1316 2799 1335 2842 r<
1355 2773 1433 2844 Hoc
1446 2773 1524 2845 locu
1536 2797 1650 2871 prae-

480 2884 588 2956 terite
604 2900 638 2957 et
648 2911 711 2956 cur
722 2901 964 2982 praetereatur
978 2888 1269 2976 demonstrato»,
1285 2888 1401 2960 facere
1413 2914 1484 2959 101
1501 2911 1649 2983 possum

479 3000 566 3097 quin
609 3001 811 3073 existimem
853 3003 986 3098 pariter
1021 3002 1164 3100 passiue
1202 3003 1363 3075 adhiberi
1402 3002 1649 3076 demonstrato

480 3129 586 3213 atque
600 3117 817 3215 praeterito.
838 3118 971 3190 Eadem
992 3119 1142 3208 ratione,
1165 3119 1201 3188 in
1222 3119 1300 3191 loco
1315 3119 1463 3191 Catonis
1479 3119 1535 3190 De
1548 3119 1578 3188 A
1586 3145 1646 3216 pr.

485 3232 616 3317 1413:
642 3258 661 3301 1(
679 3233 768 3330 Agri
793 3231 894 3305 fundi
914 3233 1099 3305 lustrandi
1122 3234 1315 3332 lustrisque
1328 3234 1501 3332 faciendi
1523 3259 1612 3330 ergo
1629 3262 1646 3306 n

480 3373 552 3418 101
582 3347 700 3420 minus
734 3349 919 3444 passiuum
949 3349 1165 3447 gerundium
1186 3349 1357 3449 faciendi
1379 3376 1486 3448 quam
1512 3376 1649 3447 gerun-

480 3463 603 3534 diuum
626 3464 811 3536 lustrandi
828 3465 981 3537 uidetur.

531 3581 605 3649 lam
621 3605 708 3650 uero
732 3594 770 3650 ut
789 3581 974 3676 passiuum
990 3581 1152 3653 habitum
1174 3557 1252 3653 esse
1266 3581 1481 3678 gerundium
1499 3581 1649 3653 suadent

484 3708 621 3765 ueteres
640 3721 721 3765 cum
740 3695 952 3792 interpretes
973 3696 1114 3786 Graeci,
1141 3697 1431 3793 uulgatissimum
1449 3697 1536 3769 illud
1556 3696 1648 3770 scri-

481 3809 593 3883 bendo
613 3809 813 3908 adfuerant
832 3836 974 3908 semper
992 3824 1178 3910 γραφομένῳ
1194 3827 1339 3910 παρῆσαν
1358 3827 1551 3904 uertentes,
1572 3827 1647 3884 lum

482 3925 597 3996 Latini
621 3925 815 4022 scriptores
834 3927 870 3998 id
890 3927 1100 3999 adhibentes
1122 3929 1158 3997 in
1185 3927 1360 3999 eiusmodi
1385 3929 1586 4017 structuris,
1613 3942 1649 3999 ut

481 4040 604 4112 adesse
617 4042 669 4112 ad
681 4041 945 4139 imperandum,
963 4043 1142 4140 inquibus
1158 4043 1273 4114 actiue
1288 4042 1401 4140 accipi
1417 4069 1462 4115 ex
1478 4056 1645 4116 contextu

482 4156 581 4228 nullo
608 4157 715 4228 modu
748 4170 890 4254 petest:
924 4188 942 4227 11
971 4159 1156 4254 Iugurtha,
1189 4158 1251 4230 ubi
1284 4159 1393 4230 armis
1427 4159 1586 4257 uirisque
1615 4173 1648 4230 et

481 4272 631 4368 pecunia
655 4272 828 4368 spoliatus
846 4287 913 4362 est,
930 4298 1010 4345 eum
1035 4274 1111 4370 ipse
1131 4275 1176 4346 ad
1204 4274 1455 4372 imperandum
1475 4275 1646 4346 Tisidium

481 4402 683 4479 uocaretur,
698 4387 827 4484 coepit.
837 4444 860 4459 ..
873 4414 917 4460 ex
934 4388 1027 4460 mala
1043 4389 1261 4462 conscientia
1272 4389 1382 4486 digna
1395 4389 1644 4482 timeretSall.,

514 4661 538 4709 l.
559 4659 760 4716 Wurswmnun,
780 4659 801 4708 1.
820 4658 883 4721 tp.
904 4660 945 4708 77.

512 4740 538 4788 1.
559 4739 602 4788 Gt.
624 4739 755 4786 Rmunuu
771 4741 798 4786 et
810 4737 950 4799 Gouuzua,
969 4737 1105 4788 Gratum.
1123 4751 1219 4802 comp.
1239 4753 1267 4797 u,
1287 4742 1357 4799 §575
1373 4754 1428 4790 rem
1444 4755 1450 4790 :
1468 4742 1504 4790 Le
1520 4739 1649 4804 gerundis

483 4813 527 4862 n'a
543 4826 593 4875 pas
607 4813 640 4860 de
658 4814 730 4868 110111,
749 4817 805 4861 ete.
827 4838 853 4848 -
875 4813 1072 4870 Wmswmmcn,
1092 4813 1112 4864 1.
1130 4813 1151 4864 l.
1170 4828 1199 4877 p.
1218 4816 1260 4866 95.

513 4894 539 4942 3.
560 4892 761 4946 Wmswmucn,
776 4890 798 4942 1.
817 4890 837 4941 1.
855 4903 884 4952 p.
904 4892 943 4941 93.
