3534 5342
442 533 460 590 4
920 536 1123 584 PROOEMIUM

439 761 571 850 habet3
595 761 665 832 iam
686 785 772 832 uero
787 758 1006 857 gerundium
1026 785 1108 834 cum
1128 761 1334 834 accusatiuo
1353 757 1482 832 obiecti
1500 757 1608 830 raris·

441 885 530 958 sime
548 898 753 982 comparet:
775 884 872 982 quod
888 898 1078 984 utrumque
1093 902 1236 959 notasse
1260 883 1346 958 utile
1367 897 1432 974 est,
1464 896 1502 956 ut
1516 882 1609 954 infra

442 1009 694 1082 declarabitur.

489 1152 586 1223 Ante
598 1149 776 1223 Plautina
791 1163 969 1250 tempore,
987 1177 1067 1223 rara
1084 1151 1220 1225 formae
1235 1151 1272 1222 in
1288 1149 1400 1222 -ndus
1415 1146 1610 1222 desinentis

443 1275 610 1373 uestigia,
627 1274 690 1346 sed
706 1274 741 1345 in
758 1275 809 1347 eis
829 1300 920 1374 quae
939 1290 1132 1350 occurrunt
1151 1301 1217 1348 nec
1234 1300 1321 1347 usus
1340 1273 1507 1372 gerundii
1529 1297 1611 1344 cum

441 1381 570 1473 obiecti
589 1399 793 1472 accusatiuo
811 1399 1005 1489 inuenitur,
1029 1426 1144 1499 neque
1158 1400 1352 1498 gerundiui
1367 1399 1426 1472 ille
1443 1424 1527 1470 usus
1540 1423 1611 1496 quo

442 1524 651 1626 designatur
673 1522 760 1622 quid
774 1523 851 1596 fieri
866 1523 995 1597 debeat
1008 1523 1034 1613 ¹,
1053 1539 1114 1597 aut
1128 1523 1286 1597 futurum
1309 1523 1372 1613 sit;
1394 1523 1612 1622 gerundium

444 1648 521 1721 sine
540 1648 693 1739 obiecto,
712 1661 747 1719 et
760 1648 1002 1745 gerundiuum
1017 1649 1094 1722 siue
1110 1648 1267 1746 passiue,
1290 1648 1365 1720 siue
1380 1649 1496 1721 ectiue
1512 1674 1615 1720 usur·

445 1787 582 1872 patum,
616 1785 821 1845 occurrunt.
848 1772 940 1844 Nam
967 1773 1185 1870 gerundium
1211 1773 1343 1871 legitur
1374 1772 1412 1843 in
1448 1774 1614 1846 columna

443 1899 622 1970 Rostrata
636 1899 663 1987 ²,
691 1921 784 1969 anno
808 1897 855 1968 U.
879 1897 920 1970 C.
948 1899 1019 1995 494
1038 1905 1134 1984 (ante
1159 1897 1341 1970 Christum
1366 1898 1450 1992 260)
1473 1896 1614 1968 Duellio

446 2022 591 2120 posita:
618 2020 868 2119 Macetumque
898 2021 1040 2120 opidum
1064 2022 1104 2094 ui
1118 2021 1344 2121 puenunolool
1365 2033 1474 2121 copel,
1503 2021 1617 2092 Adest

446 2147 553 2220 etiam
566 2145 809 2241 gerundiuum
820 2146 1236 2244 passiuasignificatione
1252 2146 1452 2219 adhibitum
1463 2146 1500 2217 in
1514 2145 1616 2241 frag-

446 2271 575 2343 mentis
603 2297 650 2340 xn
674 2269 892 2342 Tabularum
925 2297 1014 2370 quas
1040 2270 1235 2344 decemuiri
1261 2296 1355 2344 anno
1381 2271 1427 2342 U.
1467 2272 1509 2342 C.
1547 2270 1617 2355 304

449 2394 545 2492 (aute
579 2395 620 2466 C.
659 2396 746 2488 450)
774 2409 1075 2492 proposuerunt:
1108 2421 1126 2465 «
1148 2393 1239 2490 Quei
1262 2420 1342 2467 eum
1366 2396 1435 2468 telo
1464 2391 1618 2468 hominis

449 2519 633 2592 occidendi
663 2546 775 2592 eausa
808 2518 1047 2618 deprehensos
1070 2520 1233 2619 fouerit,
1267 2520 1415 2619 leupitul
1443 2518 1556 2592 estod.
1595 2546 1614 2589 ))

452 2644 557 2736 Quod
585 2642 781 2742 capitulum
803 2643 864 2743 qui
885 2644 994 2716 refert
1020 2645 1223 2718 Danetius3
1250 2671 1322 2744 quo
1351 2658 1496 2718 auctore
1519 2669 1620 2716 rece-

370 2750 372 2756 ’
450 2769 542 2868 perit
565 2795 638 2841 uon
659 2768 827 2842 declarat.
846 2769 917 2841 Sed
935 2795 954 2841 a
970 2769 1097 2867 primis
1112 2769 1222 2843 Urbis
1241 2771 1376 2842 Romae
1394 2769 1620 2867 temporibus

452 2908 665 2991 usurpatum
701 2894 945 2991 gerundium,
982 2919 1263 2993 expressamque
1300 2919 1378 2966 esse
1417 2893 1621 2992 gerundiuo

452 3019 629 3090 actionem
641 3043 733 3115 quae
744 3018 858 3106 fieret,
870 3032 931 3090 aut
942 3018 1093 3091 aetionis
1109 3018 1261 3092 infectae
1272 3044 1406 3090 meram
1423 3018 1619 3110 notionem,

453 3141 666 3214 confirmant
702 3141 966 3215 uetustissimae
1002 3168 1187 3216 sacrorum
1218 3143 1393 3216 formulae
1431 3170 1452 3216 a
1486 3144 1623 3216 Catone

454 3280 629 3357 seruatae,
660 3284 730 3340 ut:

494 3473 542 3532 De
557 3493 612 3552 eq.
631 3492 658 3533 c.
681 3471 786 3542 13402:
804 3471 877 3532 lano
892 3481 1006 3532 struem
1029 3476 1082 3550 (un
1104 3476 1224 3556 galeae)
1246 3483 1418 3533 ommeueto
1433 3472 1499 3536 sic:
1521 3495 1536 3532 «
1553 3474 1624 3534 lane

455 3589 540 3660 pater
555 3588 582 3638 te
600 3577 656 3638 hac
675 3588 757 3639 strue
780 3579 983 3639 ommouenda
1005 3579 1100 3640 bonas
1121 3601 1224 3662 preces
1245 3600 1349 3662 precor
1374 3580 1418 3640 uti
1440 3579 1498 3640 sies
1518 3581 1625 3641 uolens

457 3684 606 3766 propitius
620 3684 697 3744 mihi
713 3707 749 3759 »;
771 3685 875 3756 ι4ι.3;
893 3685 1058 3746 «harunce
1073 3707 1173 3747 rerum
1188 3708 1272 3770 ergo,
1290 3686 1378 3746 fundi
1388 3697 1485 3748 terrae
1497 3687 1625 3770 agrique

411 3785 417 3793 ⁵
457 3791 517 3851 mei
545 3790 696 3851 lustrandi
730 3791 895 3873 lustrisque
922 3792 1052 3853 faciendi
1080 3815 1169 3875 ergo,
1193 3793 1282 3854 sicuti
1310 3793 1394 3870 dixi,
1420 3803 1517 3864 macte
1544 3793 1625 3856 hisee

457 3897 711 3959 suouitaurilibus
728 3898 913 3960 inmolandis
931 3909 1009 3961 esto.
1033 3923 1049 3959 u
1128 3897 1130 3905 ’

490 4281 514 4331 1.
529 4281 560 4330 In
577 4280 687 4344 legibus
700 4294 770 4345 quae
788 4282 887 4345 reciae
909 4281 1040 4332 dicuntur
1055 4281 1397 4343 (cf.urnan1>‚rextesne
1412 4281 1496 4333 Drott
1508 4282 1629 4333 romain

458 4356 546 4420 Paris,
570 4358 637 4413 1890,
663 4357 728 4420 ta),
751 4357 858 4420 pluries
876 4357 979 4421 legitur
996 4357 1097 4409 darier
1114 4361 1238 4422 oportet,
1260 4370 1403 4422 nunquam
1420 4357 1557 4408 dandum
1576 4361 1628 4421 est,

460 4432 509 4482 sed
527 4446 575 4484 eae
591 4445 647 4482 non
665 4433 769 4484 multae
787 4437 864 4483 sunt.

490 4521 515 4572 2.
533 4521 607 4578 Quae
625 4521 653 4570 in
672 4533 706 4571 ea
725 4521 857 4583 leguntur
874 4521 1012 4584 inscripta
1033 4523 1113 4584 putat
1137 4523 1292 4572 Mommsen
1314 4520 1395 4570 initio
1422 4521 1542 4585 imperii,
1563 4524 1629 4572 tem·

458 4596 581 4735 porqtpuq
605 4595 698 4721 linem
721 4595 848 4648 defendit
874 4598 968 4659 Boou,
992 4597 1134 4649 Eoriture
1158 4599 1185 4648 et
1212 4597 1445 4661 prononetation
1469 4597 1510 4647 du
1540 4595 1628 4650 latin,

491 4760 518 4810 3.
538 4746 761 4811 Dictz'onarium'
780 4761 998 4824 antiquitatum
1016 4760 1224 4814 Romanarum
1241 4764 1267 4813 et
1285 4759 1477 4813 Graecarum.
1495 4758 1634 4811 Amstelo·

462 4838 536 4889 demi
549 4839 668 4898 MDCCI,
682 4853 711 4904 p.
732 4839 791 4892 550.
