3534 5342
409 649 450 709 22
704 657 749 702 nn
775 653 964 704 annuunrvr
989 655 1025 700 v1
1049 655 1287 720 auncurssnm
1369 713 1372 722 ¹

411 883 551 972 sunt¹‚
586 882 712 956 eodem
747 882 824 954 iure
860 881 1061 954 habeantur
1092 908 1248 980 aequum
1282 896 1336 956 est
1372 882 1582 971 conditum,

413 997 609 1090 inuentum,
632 996 841 1087 adductum,
863 997 1036 1088 consultu,
1057 999 1180 1096 sueto,
1207 999 1253 1070 At
1280 998 1368 1071 haec
1394 997 1456 1096 qui
1484 998 1586 1070 aiunt

407 1110 607 1211 participia
615 1111 915 1211 proeteritiesse‚
929 1112 990 1210 qui
1004 1113 1090 1185 fitut
1101 1113 1159 1185 itta
1171 1113 1375 1212 proesentis
1382 1110 1586 1211 participia

410 1253 489 1300 esse
514 1228 676 1325 negent?
700 1227 806 1320 Quod
832 1227 877 1299 ad
889 1227 1129 1327 participium
1151 1229 1303 1326 pertinet
1321 1229 1446 1302 eadem
1474 1253 1583 1300 causa

412 1358 479 1434 est,
502 1344 572 1434 nisi
592 1342 689 1441 quod
714 1342 802 1415 haec
826 1342 1020 1441 perfectam
1039 1343 1232 1435 actionem,
1253 1343 1313 1416 illa
1338 1342 1583 1441 imperfectam

411 1472 618 1531 connotant.
648 1458 785 1556 ltaque,
812 1471 875 1531 aut
897 1459 1061 1532 desinant
1079 1461 1189 1557 sacto
1216 1459 1445 1556 participium
1467 1481 1586 1556 prue-

412 1572 513 1646 teriti
529 1573 660 1663 dicere,
678 1586 739 1645 aut
747 1573 963 1671 faciendam
980 1574 1211 1671 participium
1224 1573 1433 1673 proesentis
1447 1573 1581 1645 dicant.

413 1690 490 1786 Ego
505 1690 651 1788 quidem
672 1688 815 1761 mallem
830 1689 1019 1787 participia
1036 1688 1172 1780 iniecti,
1195 1704 1229 1762 et
1243 1689 1390 1787 perfecti
1410 1688 1581 1788 dicerent.

462 1822 499 1914 ir)
525 1822 596 1894 Sed
616 1848 635 1894 a
661 1820 891 1919 quibusdam,
911 1836 950 1894 ut
971 1823 1182 1895 ostendatur
1201 1822 1443 1919 gerundinum
1471 1821 1586 1919 parti-

412 1937 545 2034 cipium
567 1962 639 2009 non
659 1962 737 2009 esse
748 1936 967 2035 proesentis,
985 1962 1057 2009 non
1081 1951 1221 2010 tantum
1247 1936 1293 2008 ad
1313 1961 1459 2009 sensum
1483 1933 1587 2008 uerbi
1610 1963 1611 1966 ¹

411 2066 641 2149 prouocatur,
672 2052 736 2124 sed
769 2052 877 2124 etiam
915 2052 960 2124 ad
994 2052 1161 2124 formam.
1197 2050 1450 2124 Weisweiler²
1486 2051 1584 2123 enim

412 2168 547 2241 formas
566 2168 602 2238 in
623 2165 755 2239 -eudus
782 2167 985 2245 desinentes
1004 2167 1129 2240 tertiae
1153 2182 1215 2238 ant
1248 2180 1397 2265 quartae
1428 2164 1587 2238 declina-

411 2283 534 2374 tionis,
553 2281 787 2381 utlepeudus,
804 2280 1018 2373 audiendus,
1036 2284 1081 2355 ad
1097 2283 1246 2379 stirpem
1262 2281 1372 2355 futuri
1390 2282 1585 2378 (lepeutur)

415 2398 536 2487 refert,
548 2397 695 2488 formas,
704 2423 795 2496 qnae
807 2396 995 2486 in-uudus,
1008 2398 1155 2487 -cndus,
1171 2411 1232 2470 aut
1243 2397 1420 2470 secundae
1429 2395 1586 2468 declina·

412 2513 520 2586 tionis
540 2513 576 2584 in
597 2511 728 2586 -cudus
748 2512 894 2602 cadunt,
915 2513 961 2584 ad
981 2514 1180 2609 praesentis
1206 2513 1363 2585 radicem
1381 2511 1581 2609 (lepuutur,

413 2631 640 2719 mouentur):
665 2628 728 2700 sed
755 2627 867 2699 futuri
895 2627 1079 2700 notionem
1107 2628 1152 2700 ad
1172 2628 1236 2699 has
1259 2628 1365 2701 etiam
1385 2627 1430 2700 ab
1449 2626 1519 2698 illis
1538 2626 1584 2698 ab

414 2742 665 2840 antiquissima
685 2756 799 2816 aetate
817 2742 1003 2815 transisse.

463 2877 574 2967 Haec,
602 2876 669 2948 etsi
696 2875 920 2973 sagacissimi
952 2875 1020 2946 uiri
1046 2889 1142 2964 sunt,
1170 2890 1390 2948 nontamen
1418 2875 1585 2946 uidentur

414 2991 600 3063 ueritatem
643 2990 788 3062 referre.
829 2991 922 3062 Nam
961 3003 1084 3063 contra
1122 2989 1208 3063 facit
1243 2991 1298 3062 uel
1340 3016 1451 3062 unum
1487 2989 1584 3087 quod

414 3106 589 3179 habemus
605 3105 740 3179 formae
755 3100 801 3176 in'
811 3106 942 3178 -cudus
957 3105 1082 3178 tertiae
1098 3105 1347 3179 declinationis
1362 3104 1583 3202 exemplum,

364 3264 366 3271 ·
415 3221 611 3295 uoluendus
646 3221 752 3294 dico:
788 3221 836 3293 id·
856 3221 954 3293 enim
986 3246 1155 3317 praesens
1191 3234 1348 3317 tempuS,
1384 3234 1478 3293 certe
1512 3244 1585 3291 non

413 3337 575 3410 futurum
610 3337 789 3432 designat,
829 3361 895 3407 nec
932 3337 1026 3407 enim
1063 3337 1161 3408 aliud
1194 3349 1248 3408 est
1276 3335 1453 3408 uoluendo
1483 3346 1586 3408 uetus

413 3453 533 3550 (Lucr.
573 3479 596 3524 v
630 3453 734 3548 1274)
767 3477 874 3550 quam
909 3465 1006 3522 aetas
1039 3477 1131 3549 quae
1164 3450 1341 3538 uoluitur,
1383 3477 1456 3523 non
1492 3475 1585 3548 quae
1615 3477 1619 3482 ·

416 3569 593 3640 uoluatur.

465 3701 535 3772 Sed
560 3700 606 3772 ab
629 3700 732 3772 initio
759 3699 869 3773 fuisse
894 3701 1027 3774 formas
1057 3701 1185 3773 alteras
1206 3701 1242 3770 in
1269 3699 1401 3772 -cudus
1419 3699 1588 3771 cadentes

416 3817 545 3888 alteras
573 3816 609 3885 in
642 3814 792 3905 -undus,
830 3817 892 3914 qui
924 3817 1120 3913 probatur?
1148 3817 1254 3894 vSane
1290 3816 1435 3913 quidem
1465 3815 1536 3886 iam
1566 3840 1587 3886 a

416 3931 591 4004 Plautinis
621 3930 847 4027 temporibus
875 3945 1027 4029 utraque
1051 3931 1166 4003 forma
1193 3931 1484 4028 deprehenditur.
1515 3930 1588 4003 Sed

417 4047 484 4118 hoc
504 4045 654 4117 maximi
673 4059 727 4118 est
741 4047 914 4118 momenti
934 4047 1029 4145 quod
1046 4047 1084 4117 in
1099 4046 1316 4144 quibusdam
1332 4045 1452 4118 uerbis
1470 4045 1588 4117 forma

417 4161 453 4232 in
468 4160 600 4234 -eudus
612 4161 750 4251 exienS,
761 4161 869 4232 altera
885 4162 1043 4250 exclusa,
1062 4161 1138 4233 sola
1154 4161 1338 4233 retinetur.
1354 4162 1451 4233 Haec
1466 4174 1585 4233 autem

429 4555 432 4560 ¹
453 4493 476 4544 t.
497 4493 540 4545 ct.
559 4493 719 4558 Lnnanrou,
734 4511 761 4549 o.
782 4512 806 4549 c.
826 4499 854 4550 18
869 4499 944 4564 [162]‚
958 4513 987 4549 n.
1007 4500 1031 4558 2,
1048 4499 1177 4562 superins
1193 4499 1325 4562 positum,
1342 4513 1372 4563 p.
1395 4499 1431 4560 19,
1445 4511 1475 4548 n.
1498 4500 1521 4550 1.

449 4575 475 4624 2.
495 4575 696 4634 Wnrswntnnn,
713 4590 738 4627 o.
753 4578 773 4630 t.
793 4592 822 4642 p.
845 4580 882 4631 18.
897 4599 908 4624 a
927 4577 998 4630 Hier
1014 4579 1055 4628 sei
1074 4579 1212 4642 vortatiflg
1229 4593 1281 4629 nur
1298 4580 1366 4629 kuru
1379 4580 1480 4629 darauu
1493 4579 1590 4642 hinge-

419 4650 534 4708 wiesen‚
554 4650 620 4700 dass
638 4651 682 4701 die
700 4653 894 4716 gewohntiche
911 4655 1019 4706 Gestalt
1034 4668 1150 4704 unserer
1168 4654 1401 4718 Partizipiattorm
1420 4654 1464 4704 bei
1479 4655 1590 4706 Verben

420 4725 468 4774 der
481 4739 545 4789 sog.
561 4725 662 4776 dritten
676 4729 733 4777 und
745 4729 851 4778 vierten
864 4730 1060 4793 Konjugation
1074 4730 1121 4780 aut
1134 4730 1240 4780 -endus
1251 4731 1415 4792 genenttber
1424 4730 1473 4779 der
1483 4730 1588 4781 andern

420 4801 468 4850 auf
486 4801 599 4850 -undus
617 4801 646 4851 in
663 4802 711 4852 der
729 4803 800 4853 That
816 4805 866 4853 das
888 4805 1009 4868 Partiaip
1027 4805 1076 4854 des
1094 4806 1194 4854 Futurs
1215 4805 1263 4854 auf
1279 4817 1347 4864 am,
1364 4808 1425 4856 -ent
1444 4806 1473 4854 in
1490 4807 1592 4856 Passiv

421 4888 455 4924 zu
472 4875 533 4924 sein
549 4875 666 4932 senciot,
688 4877 741 4925 wie
760 4879 831 4927 anch
849 4879 894 4928 die
917 4879 1093 4929 zahlreichen
1115 4879 1359 4929 Verbaladiectiva
1375 4879 1424 4930 auf
1448 4879 1591 4942 duodus,

421 4950 482 5000 sich
499 4950 540 5000 als
554 4951 723 5014 Partizipien
740 4965 802 5002 vom
819 4953 940 5005 stamme
957 4953 1003 5006 -bo
1021 4955 1058 5004 im
1075 4954 1175 5004 Passiv
1191 4945 1364 5005 daretetlen.
