3534 5342
378 588 419 649 52
661 593 706 638 ΒΕ
731 591 917 640 GERUNDlVl
943 590 1010 636 USU
1035 589 1247 638 REGENTIORE

381 687 911 718 ..-........-...e..............

380 818 531 918 uestigia
546 817 702 917 reliquit.
723 817 830 908 Nam,
851 831 891 890 ut
905 841 986 890 cum
1008 814 1197 915 participio
1212 815 1273 889 illo
1292 815 1545 914 antiquissimo

379 937 415 1008 in
434 934 546 1006 -ndus
560 933 692 1023 actiuo,
710 933 869 1005 certabat
884 931 1041 1006 actiuum
1058 931 1286 1030 participium
1302 932 1399 1029 quod
1411 934 1447 1002 in
1465 957 1547 1003 -ens

379 1051 466 1141 exit,
487 1050 535 1123 ita
558 1075 664 1146 saepe
683 1073 764 1122 cum
791 1049 859 1122 hoc
885 1074 967 1138 usu,
999 1073 1071 1146 quo
1091 1047 1193 1120 uerbi
1212 1047 1291 1144 ipsa
1311 1047 1403 1120 actio
1423 1047 1547 1144 expri-

380 1166 557 1256 mebatur,
572 1166 616 1238 de
631 1165 708 1238 loco
723 1165 962 1237 contendebat
977 1163 1072 1236 idem
1084 1163 1293 1260 exprimens
1307 1162 1545 1260 gerundium:

380 1283 467 1380 quin
496 1281 603 1353 etiam
624 1293 758 1354 attente
777 1279 1017 1353 consideranti
1039 1279 1204 1376 exempla
1224 1278 1389 1376 superius
1410 1280 1550 1375 prolata

380 1410 530 1494 apparet
565 1396 603 1468 in
641 1396 816 1469 eiusmodi
852 1394 940 1468 locis
976 1393 1175 1467 adhibitum
1208 1393 1470 1491 gerundiuum,
1510 1395 1550 1465 in

381 1511 525 1611 quibuS,
547 1537 593 1585 ex
613 1512 729 1585 Latini
758 1511 935 1585 sermonis
959 1510 1132 1608 ingenim,
1157 1510 1221 1583 uix
1238 1508 1401 1582 adhiberi
1426 1524 1550 1607 posset

381 1626 638 1726 gerundium.²

720 2125 896 2199 curer
946 2125 1216 2217 Quaeruu

385 2371 596 2436 GERUNDIVO‚
617 2369 850 2417 rueretrueret
870 2371 925 2416 lllll
938 2370 1040 2416 AGTAE
1056 2369 1256 2435 OPPONEN'l'l,
1279 2372 1318 2416 ET
1337 2369 1377 2416 Ab
1397 2369 1552 2415 Furorum

434 2483 575 2529 INFINITI
582 2484 611 2529 Vl
638 2485 751 2532 GRAECI
784 2487 999 2534 REDDENDUM
1024 2485 1200 2551 ADHIBITO,
1233 2486 1301 2532 NON
1332 2486 1387 2532 ΙΤΑ
1421 2485 1551 2532 PRIDEM

433 2602 559 2648 FUTURI
584 2601 684 2654 NOTIQ
711 2602 892 2649 accaevtr.

435 2814 532 2885 Haec
550 2813 751 2885 cauendum
771 2826 825 2886 est
843 2812 983 2911 nequis
1002 2811 1123 2886 credat
1140 2812 1264 2885 eadem
1290 2837 1368 2885 esse
1386 2825 1491 2910 atque
1510 2838 1552 2885 ea

387 2954 478 3028 quae
499 2954 520 3001 a
538 2928 767 3000 Weisweiler
793 2929 997 3001 traduntur.
1022 2929 1114 2999 Nam
1129 2928 1222 3000 inter
1246 2953 1324 3000 eam
1351 2928 1552 3000 doctrinam

387 3019 618 3142 noslramque
636 3044 789 3116 multum
806 3044 964 3116 interest.
986 3044 1102 3135 Quam
1119 3043 1215 3115 enim
1234 3043 1292 3116 ille
1308 3043 1418 3116 futuri
1433 3044 1553 3116 notio-

388 3185 469 3231 nem
498 3159 543 3231 ab
562 3160 664 3231 initio
682 3159 792 3232 luisse
812 3158 873 3255 (cf.
898 3185 1021 3258 supra,
1043 3184 1078 3256 p.
1103 3185 1122 3228 2
1144 3173 1179 3231 et
1198 3161 1273 3254 22),
1296 3184 1362 3231 nos
1381 3185 1452 3248 non
1471 3174 1553 3232 ante

388 3275 585 3347 secundum
605 3275 730 3346 aetatis
750 3274 964 3347 christianae
982 3273 1164 3346 saeculum
1182 3274 1381 3347 accreuisse
1400 3275 1554 3348 arbitra-

388 3416 470 3462 mur
487 3417 496 3480 ;
524 3416 633 3489 quam
657 3390 715 3463 ille
735 3391 942 3488 aliquandiu
964 3390 1110 3462 notione
1130 3375 1351 3462 necessitatis
1371 3391 1553 3463 exclusam

389 3519 513 3604 postea
535 3506 743 3595 inualuisse‚
769 3531 836 3578 nos
855 3531 948 3595 earn,
970 3507 1014 3578 ab
1035 3505 1136 3578 initio
1155 3531 1238 3578 cum
1258 3505 1487 3598 maluisset,
1508 3532 1553 3578 ex

388 3621 449 3693 illa
468 3621 625 3694 maxime
639 3636 754 3693 ortam
774 3621 997 3718 profitemur.

438 3735 659 3809 Sententiam
682 3762 785 3809 suam
802 3737 1045 3828 Weisweiler,
1072 3737 1202 3834 partim
1234 3737 1351 3810 Latini
1378 3737 1554 3810 sermonis

390 3864 425 3926 et
458 3852 674 3949 scriptorum
712 3878 793 3941 usu,
826 3853 955 3950 partim
988 3853 1308 3950 grammaticorum
1345 3854 1555 3926 auctoritate

390 3967 588 4042 confirmat.
605 3969 679 4041 Nos
697 3982 731 4041 et
750 3994 790 4040 ea
810 3983 1023 4066 argumenta
1042 3994 1133 4067 quae
1155 3995 1200 4041 ex
1217 3968 1353 4042 formae
1368 3969 1405 4040 iu
1424 3968 1556 4040 -endus

391 4083 588 4157 desinentis
616 4083 849 4156 similitudine
878 4110 960 4156 cum
990 4083 1175 4156 indicatiui
1203 4085 1323 4158 futuro
1340 4079 1553 4182 ‘dependas5

391 4200 584 4297 lepentur),
613 4213 648 4271 et
673 4198 732 4271 illa
766 4225 857 4297 quae
890 4226 935 4272 ex
955 4200 1171 4298 scriptorum
1200 4226 1267 4273 usu
1294 4199 1421 4291 adfert,
1452 4213 1558 4272 antea

422 4520 442 4570 1.
459 4520 489 4569 tri
506 4523 664 4585 repugnant
678 4522 1013 4572 structuraehuiusmodi:
1030 4535 1134 4573 rerum
1140 4520 1332 4584 florescendo,
1343 4521 1381 4572 ad
1396 4521 1557 4573 hominum

392 4596 587 4657 nascendum,
603 4597 636 4646 in
655 4596 814 4648 hominum
830 4599 1024 4650 renascendo.

423 4677 449 4726 2.
470 4676 603 4741 Exemplo
617 4680 659 4727 est
671 4677 724 4728 hoe
735 4677 857 4736 Gelli‚de
869 4691 923 4742 quo
937 4678 1089 4740 supradixi
1101 4680 1137 4742 (p.
1148 4680 1172 4739 9,
1184 4677 1372 4727 n.2«Praeter
1381 4677 1435 4726 hoc
1445 4675 1558 4726 modum

394 4764 455 4800 esse
472 4752 540 4800 dicit
561 4765 702 4802 summum
718 4752 906 4804 adolescendi
923 4754 1036 4803 humani
1052 4755 1178 4817 corporis
1191 4759 1297 4816 septem
1312 4754 1406 4816 pedes,
1426 4751 1475 4813 (N.
1490 4754 1555 4804 Att.

392 4826 442 4950 pili.
468 4839 506 4878 rx.
523 4829 563 4888 10)
585 4829 612 4876 in
635 4841 689 4891 quo
705 4828 892 4890 adolescendi
912 4837 1002 4880 utrum
1024 4830 1061 4881 sit
1077 4830 1242 4894 gerundium
1260 4843 1294 4879 an
1312 4828 1497 4892 gerundiuum
1509 4827 1560 4878 uix

412 4903 515 4952 rseerni
531 4907 632 4966 potest.
