3534 5342
451 605 491 666 50
733 612 778 656 33
804 610 991 660 33333331
1018 613 1083 660 usu
1108 612 1322 660 nucunrronn

453 840 587 938 cipium
616 866 712 932 esse,
742 839 774 912 ei
801 841 965 914 assentiri
994 867 1067 915 non
1100 868 1248 940 possum
1279 869 1287 914 :
1323 867 1407 913 nam
1441 841 1538 940 quod
1573 841 1626 914 ad

451 982 597 1028 sensum
639 982 814 1056 usumque
855 958 1008 1056 pertinet
1052 973 1125 1031 tam
1163 959 1306 1030 diuersa
1348 971 1402 1030 est
1439 957 1626 1030 interdum

451 1073 613 1145 condicio
627 1073 805 1170 participii
821 1098 841 1144 a
856 1088 1055 1146 ceterarum
1067 1074 1168 1147 uerbi
1181 1074 1378 1146 formarum
1393 1073 1623 1160 condicione,

450 1200 490 1259 ut
520 1202 554 1260 31
588 1189 707 1285 ipsum
740 1189 776 1259 in
808 1214 891 1260 -ens
926 1189 1094 1262 desinens
1130 1189 1359 1287 participium
1394 1189 1470 1261 lieri
1505 1187 1628 1285 possit

450 1304 666 1377 adiectiuum
697 1317 802 1402 atque
832 1305 937 1376 etiam
968 1305 1235 1378 substantiuum
1269 1331 1426 1395 nomen,
1461 1304 1628 1402 reliquae

450 1419 552 1491 uerbi
580 1433 700 1517 partes
733 1445 806 1491 non
839 1421 989 1517 possint.
1022 1422 1190 1519 ideoque,
1226 1447 1267 1493 ac
1294 1421 1451 1492 maxime
1474 1434 1628 1517 propter

449 1561 556 1607 usum
576 1549 738 1608 notatum
758 1561 867 1632 supra
885 1545 937 1632 (p.
964 1536 1037 1634 47),
1054 1537 1296 1634 gerundiuum
1321 1535 1511 1634 possiuum
1539 1535 1627 1607 fieri

450 1651 580 1748 potuit,
619 1651 746 1723 ceteris
778 1651 903 1724 i‘ormis
940 1652 1067 1724 actiuis
1103 1652 1387 1724 remanentibus.
1429 1695 1475 1708 -
1512 1651 1626 1742 Quod

450 1767 628 1838 annotat¹
664 1766 776 1838 multa
817 1791 895 1838 esse
915 1766 1089 1839 adiectiua
1109 1768 1146 1839 in
1176 1767 1302 1857 -ndus,
1332 1792 1467 1866 quaec
1497 1766 1626 1838 uerbis

448 1881 585 1954 neutris
608 1881 901 1979 proficiscantur,
927 1881 963 1953 id
989 1883 1111 1956 nescio
1131 1909 1176 1955 an
1199 1909 1325 1955 uerum
1347 1909 1418 1955 uon
1436 1882 1494 1955 sit.
1512 1883 1625 1954 Certe

449 2022 684 2095 eorumquae
711 1996 847 2095 profert
866 1997 1018 2070 uerbum
1040 1997 1194 2090 nullum,
1220 1999 1290 2070 nisi
1314 1997 1405 2072 forte
1434 1997 1622 2088 insidiari,

448 2137 520 2184 nou
537 2127 592 2186 est
606 2113 798 2211 aliquando
819 2113 934 2185 actiue
952 2128 1177 2210 usurpatum.
1195 2117 1243 2186 At
1253 2114 1374 2211 ipsum
1391 2113 1626 2188 insidiandus

448 2228 590 2301 uidetur
606 2228 743 2301 Tullius
758 2228 1010 2302 concinnitatis
1029 2230 1146 2328 gratia
1162 2230 1263 2320 alteri
1282 2230 1484 2328 gerundiuo
1500 2255 1623 2327 oppo-

449 2343 564 2416 suisse
597 2345 716 2433 (Cael.
758 2345 846 2438 21):
880 2370 898 2413 u
918 2371 1091 2443 mapnnm
1134 2346 1270 2418 crimen
1316 2347 1375 2418 uel
1416 2346 1452 2418 in
1489 2345 1625 2442 lepatis

449 2458 677 2552 insidiandis,
703 2461 762 2533 uel
783 2460 819 2532 in
839 2459 956 2532 seruis
974 2461 1224 2536 sollicitandis.
1247 2490 1265 2534 >i
1288 2463 1455 2536 Ceterum
1479 2488 1522 2534 ex
1549 2487 1624 2533 usu

451 2574 615 2649 absoluto
654 2578 850 2675 gerundiui
893 2579 931 2649 in
972 2578 1093 2650 uerbis
1131 2577 1279 2668 neutris,
1316 2602 1398 2650 cum
1425 2577 1625 2650 necessitas

449 2692 682 2789 exprimenda
720 2708 796 2767 erat
822 2705 872 2785 (u.
895 2721 933 2792 g.
963 2693 1198 2766 recedendum
1231 2695 1311 2788 esi),
1333 2693 1409 2767 fieri
1429 2693 1544 2791 potuit
1579 2707 1623 2765 ut

450 2807 557 2879 etiam
582 2809 772 2881 uerborum
814 2824 1025 2882 neutrorum
1059 2809 1289 2907 participium
1329 2823 1367 2882 ut
1401 2809 1623 2882 adiectiuum

450 2923 594 3019 passiue
617 2924 860 2998 adhiberetur.

498 3053 534 3109 2⁰
551 3039 641 3118 lllud
656 3040 763 3111 etiam
779 3055 940 3114 secutum
956 3055 1009 3114 est
1026 3067 1045 3113 c
1061 3067 1189 3114 sensus
1203 3041 1340 3139 passiui
1356 3039 1621 3139 propagatione

449 3155 545 3252 quod
565 3155 701 3228 actiuae
719 3156 854 3229 formae
869 3171 1121 3231 remanserunt
1140 3158 1378 3254 paucissimae
1397 3184 1405 3228 :
1428 3170 1466 3228 ut
1487 3155 1622 3229 labun-

450 3270 529 3360 dus,
540 3269 729 3361 oriundus,
739 3273 926 3363 secundus,
941 3273 1150 3346 uoluendus.
1165 3273 1236 3344 iltis
1249 3288 1368 3346 autem
1382 3298 1422 3344 ea
1431 3272 1498 3344 fuit
1510 3297 1621 3344 causa

449 3386 671 3476 remanendi,
694 3387 789 3484 quod
817 3387 970 3461 iamdiu
996 3389 1205 3461 attributiue
1230 3388 1440 3486 saepissime
1462 3411 1621 3484 usurpa-

451 3501 594 3592 bantur,
618 3516 657 3574 ut
676 3517 758 3574 aute
777 3504 817 3594 (l.
840 3530 872 3576 c.
901 3506 933 3597 1)
953 3504 1227 3602 explicauimus
1249 3505 1319 3578 Sed
1338 3503 1408 3576 illis
1428 3528 1500 3575 non
1526 3505 1620 3574 bene

451 3617 587 3689 addunt
604 3617 750 3716 quidam
765 3619 778 3660 ²
792 3619 880 3692 alias
899 3618 1048 3710 formas,
1066 3634 1104 3693 ut
1116 3620 1385 3719 florescendo,
1402 3618 1617 3708 noscendus,

451 3732 695 3829 nullipendas,
714 3735 957 3808 tabescendus.
975 3737 1067 3808 Nam
1082 3761 1206 3809 earum
1218 3761 1282 3808 nec
1298 3749 1395 3808 aetas
1411 3736 1535 3808 eadem
1548 3749 1617 3826 est,

452 3862 491 3920 ut
523 3848 689 3946 superius
708 3851 879 3924 admonui
910 3855 962 3948 (p.
997 3853 1045 3950 9),
1069 3877 1136 3925 333
1155 3879 1242 3924 3333
1265 3851 1374 3942 idem,
1403 3876 1470 3924 neo
1503 3849 1621 3923 nomi-

434 2875 448 2904 θ

452 4166 483 4202 33
501 4153 548 4216 qui
565 4153 601 4203 du
618 4154 1286 4219 13313313131133333331·3333333133131113333,
1303 4157 1427 4220 c'estque
1442 4156 1531 4206 meme
1548 4155 1620 4206 dans

452 4228 493 4279 les
508 4231 607 4279 verbes
618 4230 784 4292 deponents,
800 4231 937 4293 l’adJectii
949 4246 984 4280 en
999 4232 1089 4282 ndns
1100 4245 1233 4282 conserve
1246 4236 1373 4296 toujours
1388 4247 1439 4282 son
1453 4245 1516 4282 sens
1529 4231 1622 4295 passis

453 4305 512 4354 ala
530 4305 680 4356 (1111333333
700 4306 735 4355 de
752 4309 843 4357 toutes
861 4306 902 4356 les
920 4310 1013 4357 autres
1031 4309 1133 4358 formes
1151 4308 1290 4359 verbalas.
1312 4325 1324 4356 n
1495 4319 1496 4323 ¹

486 4385 509 4436 1.
531 4385 575 4434 ld.
595 4385 669 4437 ibid.
689 4399 719 4436 u.
737 4387 746 4436 1
761 4401 767 4435 :
782 4403 794 4432 n
807 4387 847 4436 On
859 4391 1012 4438 ostensore
1030 4389 1146 4439 conduit
1162 4388 1219 4438 ala
1237 4388 1325 4438 meme
1343 4387 1506 4439 conclusion
1524 4386 1617 4450 quand

453 4474 488 4510 on
506 4461 650 4511 considere
668 4461 709 4511 133
725 4463 879 4512 nombreux
891 4463 1023 4526 adjectiis
1041 4479 1076 4514 en
1093 4464 1185 4516 -ndus
1205 4465 1314 4514 derives
1329 4465 1363 4515 de
1380 4463 1479 4514 verbes
1495 4465 1618 4534 neutras,

453 4549 504 4600 par
514 4537 638 4601 exempla
654 4537 792 4595 utendus,
810 4538 968 4600 fruendus,
983 4540 1160 4602 potiundus,
1174 4540 1331 4598 carendus,
1347 4539 1533 4604 plectendus,
1546 4539 1619 4589 insi·

452 4610 593 4673 dianeos,
606 4612 832 4671 erubescendus,
846 4613 1003 4674 dolendus,
1016 4619 1071 4667 etc.
1091 4618 1124 4667 V.
1138 4617 1389 4672 Nuus-Wnomuea,
1405 4613 1618 4666 Formenlehre

451 4697 491 4743 111,
508 4700 538 4750 p.
559 4688 630 4738 att.
652 4705 663 4734 s
681 4688 724 4738 cs.
745 4690 947 4747 Wniswunna,
965 4704 995 4755 p.
1013 4692 1055 4742 56.
1550 4695 1552 4700 ’

483 4767 508 4816 2.
528 4767 570 4816 Gi.
587 4767 708 4824 Dossen,
727 4768 747 4818 l.
769 4768 790 4818 l.
807 4782 834 4832 p.
853 4771 937 4826 33-36,
952 4784 1034 4834 quem
1048 4771 1128 4821 multi
1143 4775 1303 4835 sequuntur.
1317 4799 1347 4808 —
1362 4771 1480 4822 Nomina
1494 4771 1618 4828 dearum,

451 4844 482 4890 ut
505 4855 561 4890 non
585 4843 653 4892 satis
677 4842 817 4894 elucidata
837 4846 928 4902 omisi,
948 4847 1013 4896 item
1030 4847 1339 4908 circumlinnz'endtm,
1355 4847 1530 4912 placandam,
1549 4859 1616 4911 per-

405 4949 407 4972 ,
450 4916 578 4974 enudus,
591 4918 684 4969 uarias
701 4917 736 4968 ob
752 4932 863 4971 causas.
879 4921 932 4973 Vid
947 4935 1040 4985 supra,
1057 4923 1103 5002 lp,
1117 4936 1146 4987 p.
1165 4925 1179 4976 9
1195 4926 1223 4974 31
1239 4923 1278 4976 10.
