3534 5342
632 1385 987 1476 EPILOGUS

271 2087 345 2157 lam
372 2085 458 2158 illuc
481 2087 575 2160 unde
603 2113 729 2160 sumus
756 2084 906 2183 profecti
929 2085 1157 2156 reuertimus.
1189 2086 1281 2158 Nam
1307 2112 1389 2158 cum

172 2289 174 2292 Ι
221 2200 357 2274 formae
375 2201 411 2271 in
429 2202 541 2274 -ndus
561 2203 755 2276 desinentis
783 2201 963 2273 fortunam
983 2201 1121 2272 uariam
1146 2227 1165 2272 a
1191 2202 1388 2298 posteriore

221 2330 335 2389 aetate
362 2317 407 2388 ad
427 2318 583 2414 priorem
607 2317 762 2415 regressi
781 2330 1038 2414 repeteremus,
1068 2342 1172 2387 usum
1196 2316 1388 2415 huncque

212 2434 388 2530 futurum
405 2433 588 2530 exprimit,
601 2459 671 2506 non
684 2433 775 2506 ultra
790 2431 989 2504 secundum
1000 2446 1080 2528 post
1094 2431 1277 2504 Christum
1289 2459 1391 2506 secu·

223 2547 296 2618 lum
317 2547 495 2644 pertinere
517 2548 688 2639 uidimuS,
710 2549 789 2620 illos
809 2573 895 2619 uero
913 2547 1044 2645 quibus
1063 2548 1149 2645 quid
1161 2547 1259 2646 ficri
1278 2574 1390 2647 opor-

222 2674 309 2754 teat,
328 2662 386 2734 uel
402 2663 488 2761 quid
495 2664 588 2763 fiat,
605 2665 661 2736 661
679 2663 794 2762 ipsam
814 2662 918 2734 uerbi
930 2662 1237 2761 significationem
1256 2664 1386 2755 reddit,

223 2778 471 2876 antiquissime
494 2780 663 2870 inueniri,
683 2779 753 2851 nisi
772 2779 868 2877 quod
888 2778 1189 2878 neclgerundium
1216 2779 1252 2848 in
1274 2780 1390 2852 Osco-

221 2918 301 2965 rum
316 2907 350 2966 et
368 2895 589 2967 Umbrorum
607 2921 787 2986 sermone,
809 2919 874 2966 nec
887 2894 1129 2991 gerundinum
1144 2893 1388 2968 necessitatem

222 3009 442 3107 exprimens,
456 3010 493 3080 in
506 3010 654 3083 Latinae
664 3011 810 3108 linguae
824 3008 998 3107 reliquiis,
1015 3023 1096 3081 ante
1112 3010 1228 3083 Plauti
1239 3024 1390 3083 aetatem

221 3123 416 3197 inuenitur.
441 3127 495 3197 Ex
513 3127 568 3198 his
585 3126 777 3198 uerisimile
793 3151 875 3198 cum
895 3138 989 3197 esset
1003 3124 1197 3222 gerundiui
1213 3126 1389 3224 antiquis-

222 3238 354 3312 simum
376 3267 481 3312 usum
500 3267 582 3314 eum
601 3241 711 3314 inisse
731 3267 802 3339 666
822 3241 908 3339 quid
916 3241 1045 3339 fieret,
1063 3253 1124 3312 aut
1139 3241 1272 3314 nudam
1288 3241 1394 3314 uerbi

221 3353 525 3454 significationem
554 3356 772 3453 designaret,
794 3357 877 3429 inde
901 3356 946 3428 ad
970 3355 1257 3440 recentissimum
1284 3382 1390 3428 usum

222 3470 324 3566 quasi
338 3471 593 3544 descendentes
605 3473 705 3561 haec,
721 3498 812 3570 quae
827 3471 1054 3561 uidebantur,
1071 3470 1251 3568 explicare
1271 3472 1389 3544 conati

223 3609 374 3658 sumus:
401 3577 502 3660 initio
523 3588 625 3660 uerbi
647 3586 836 3685 reslemiut',
862 3586 1043 3659 interdum
1066 3587 1209 3683 passiue
1224 3587 1387 3676 adhibiti,

223 3698 333 3773 fuisse
345 3702 572 3801 participium
585 3703 681 3801 quod
694 3705 865 3801 infectam
880 3703 1058 3775 actionem
1071 3703 1305 3799 exprimeret;
1323 3703 1391 3775 hoc

223 3816 367 3910 passiue
383 3817 459 3889 sine
470 3819 631 3890 subiecto
647 3817 846 3890 adhibitum
861 3816 995 3890 factum
1009 3816 1243 3915 gerundium
1263 3830 1390 3890 etcum

224 3930 384 4004 subiecto
394 3947 605 4030 usurpatum
618 3934 653 4003 in
664 3932 880 4032 quibusdam
892 3933 1081 4005 structuris
1091 3932 1178 4030 quid
1187 3934 1267 4031 quis
1275 3932 1390 4005 facere

222 4044 368 4119 deberet
385 4049 683 4146 exprimentibus,
696 4048 915 4121 necessitatis·
930 4049 1112 4121 notionem
1130 4049 1386 4146 assumpsisse3

225 4188 269 4234 ex
283 4188 367 4259 qua,
381 4165 526 4260 passiua
541 4190 623 4237 curn
639 4178 746 4256 esset,
759 4164 873 4236 etalio
889 4191 956 4236 usu
970 4165 1131 4262 passiu0,
1145 4164 1389 4262 ita'propaga·

223 4291 295 4349 tam
317 4280 505 4374 passiuam
526 4281 839 4377 significationem,
866 4294 906 4352 ut
925 4280 1042 4352 actiua
1068 4280 1131 4352 uix
1153 4293 1259 4379 atque
1283 4305 1390 4377 aegre

223 4393 260 4463 in
290 4395 518 4491 paucissimis
552 4395 677 4468 formis
709 4409 929 4486 remaneret,
965 4421 1055 4494 6666
1088 4396 1245 4494 primurn
1283 4421 1389 4466 usum

222 4521 460 4601 testarentur3
490 4525 711 4609 postremoe
738 4504 883 4608 pas'siuo
909 4495 1102 4608 gerundiui
1127 4537 1206 4601 usu,
1228 4537 1269 4583 ea
1297 4537 1389 4609 6666

222 4622 300 4694 fieri
319 4624 490 4698 deberent
508 4627 559 4698 eis
575 4652 667 4725 quae
686 4627 757 4698 iarn
777 4625 870 4698 facta
890 4640 1010 4730 essent
1029 4640 1248 4725 opponente,
1273 4638 1386 4698 ortam

224 4763 301 4811 esse
312 4741 444 4838 futuri
455 4742 652 4835 notionem,
670 4768 761 4841 quae
776 4768 849 4814 non
866 4757 946 4814 ante
962 4743 1158 4816 secundum
1175 4741 1389 4815 christianae
1441 4748 1446 4754 “

223 4856 349 4928 aetatis
369 4857 529 4930 seculum
551 4871 788 4956 compareret.

1330 5009 1345 5052 8
