3534 5342
519 665 563 710 nn
588 665 776 712 cnnnnnrvr
806 667 959 712 rannone
1280 662 1318 722 15

146 885 347 959 obsoletam
376 888 650 961 declinationem
676 888 912 962 retinuerunt.
940 892 991 962 lta
1017 890 1150 963 lactum
1176 890 1317 963 uidetur

147 1016 184 1074 et.
218 1002 253 1072 in
288 1003 406 1088 Latini
438 1005 615 1076 sermonis
647 1005 897 1078 immutatione
929 1032 937 1078 :
971 1005 1007 1076 in
1042 1031 1114 1104 quo
1147 1006 1246 1090 dnm,
1280 1007 1318 1077 in

147 1119 364 1216 participiali
389 1147 470 1209 usu,
493 1120 607 1192 forma
630 1122 665 1191 in
691 1147 754 1194 -as
774 1122 942 1194 desinens
962 1125 1146 1220 (sequens)
1165 1122 1210 1194 ad
1229 1125 1319 1196 acti-

147 1261 233 1306 uam
259 1235 559 1332 significationem
594 1237 867 1333 exprimendam
901 1237 1109 1334 praeualet,
1140 1252 1174 1310 et
1204 1238 1249 1310 ab
1276 1265 1318 1313 eo

145 1375 215 1422 usu
243 1351 400 1423 excludit
428 1351 581 1423 formam
610 1351 645 1423 in
662 1351 770 1424 -ndus
790 1353 992 1444 cadentem,
1014 1354 1102 1426 haec
1125 1354 1172 1427 ad
1198 1369 1318 1452 partes

146 1461 315 1558 passiuae
334 1462 609 1559 significationis
641 1464 830 1561 (sequendo
858 1465 1015 1558 itinere),
1040 1465 1187 1564 eiusque
1207 1466 1318 1539 solius

147 1577 419 1674 exprimendae,
437 1593 508 1650 tota
539 1579 693 1669 transiit,
728 1579 797 1651 nisi
830 1580 927 1678 quod
951 1581 992 1651 in
1022 1581 1233 1654 attributiuo
1261 1581 1317 1654 uel

146 1693 325 1765 adiectiuo
346 1719 410 1765 usu
429 1694 602 1785 (secunda
622 1695 754 1792 spolia)
782 1696 940 1792 priscum
963 1696 1157 1794 aliqnando
1184 1722 1315 1795 genua,

145 1808 360 1882 rellexiuum
379 1835 441 1881 seu
461 1810 618 1882 medium
636 1811 782 1899 scilicet,
801 1811 952 1909 ideoque
968 1813 1139 1901 actiuum,
1155 1812 1314 1885 retinuit.

146 1924 198 1995 Ea
221 1938 326 1996 tenus
348 1925 536 2014 secundae,
567 1925 758 2016 intrandae,
787 1926 975 2016 oriundae,
998 1927 1194 2001 uolueadus
1218 1927 1316 1999 anti-

146 2035 359 2133 quissimum
380 2036 573 2134 gerundiui
590 2063 694 2109 nsum
713 2051 903 2110 testantur.

467 2627 641 2700 CAPUT
693 2627 992 2700 SECUNDUM

146 2873 241 2937 QUOD
273 2875 320 2919 AD
362 2873 484 2920 TEMPUS
524 2875 701 2940 PERTINET,
742 2874 971 2921 GERUNDIVUM
1004 2873 1063 2920 EST
1095 2873 1315 2921 PARTICIPlUM

195 2989 348 3054 INFECTI,
389 2990 452 3037 SEU
492 2989 704 3055 taenarum,
750 2989 943 3036 PARTIGIPIO
977 2988 1138 3035 PERFncrt
1172 2991 1207 3038 IN
1239 2988 1316 3035 ·TUS

193 3106 368 3154 DESINENTI
396 3105 598 3153 OPPOSITUM.
1011 3067 1020 3084 ·

200 3328 233 3420 1)
247 3325 357 3397 Binas
373 3349 450 3398 esse
466 3324 503 3394 in
524 3324 635 3396 uerbo
651 3323 778 3396 Latino
796 3336 999 3421 temporum
1017 3324 1127 3396 serios
1142 3350 1250 3398 nemo
1262 3338 1316 3398 est

144 3442 233 3541 quin
261 3440 363 3530 sciat,
388 3440 535 3539 quidam
554 3438 832 3544 obliuiscuntur‚
855 3439 1008 3512 ducibus
1027 3440 1071 3511 iis
1090 3465 1181 3538 quos
1200 3442 1315 3513 Varro

145 3555 376 3654 reprehendit
392 3557 428 3626 in
456 3554 549 3628 libro
577 3555 633 3626 De
660 3553 785 3651 linquo
806 3553 944 3628 Latino
964 3581 1085 3627 nono:
1112 3581 1131 3626 a
1152 3555 1313 3628 Primum

146 3673 244 3772 quod
274 3672 375 3762 aiunt
400 3671 584 3768 analogias
616 3696 688 3742 non
725 3671 869 3742 seruari
894 3671 931 3742 in
962 3670 1205 3768 temporibuS,
1234 3697 1315 3744 cum

145 3789 266 3862 dicant
278 3787 361 3885 leqi,
378 3788 472 3885 lopo,
490 3788 624 3885 leptim,
643 3800 677 3859 et
692 3786 743 3859 sic
758 3786 922 3858 similiter
937 3786 1019 3878 alia,
1039 3811 1123 3858 nam
1139 3812 1230 3885 quae
1245 3788 1317 3860 sint

145 3917 185 3976 ut
213 3903 287 4001 lapi
310 3902 508 4000 perlectum
529 3901 747 3999 significare,
776 3902 847 3974 duo
871 3901 1007 4000 reliqua
1035 3902 1114 3999 lopo
1137 3915 1171 3974 et
1196 3902 1315 4000 lepam

144 4018 362 4108 inchoatum,
390 4017 520 4088 iniuria
548 4015 828 4114 reprehendunt.
848 4016 941 4088 Nam
960 4042 1005 4088 ex
1031 4016 1156 4089 eodeni
1182 4042 1315 4114 genere

145 4148 180 4208 et
190 4160 235 4206 ex
246 4133 422 4206 diuisione
433 4133 528 4205 idem
544 4131 694 4204 uerbum
706 4132 804 4230 quod
815 4147 1000 4229 sumptum
1014 4146 1067 4204 est
1078 4158 1141 4229 per
1153 4147 1316 4230 tempora

143 4251 282 4322 traduci
314 4263 448 4346 potest,
481 4263 518 4320 ut
550 4247 747 4336 discebam,
782 4246 897 4337 disca,
931 4246 1068 4320 discam
1080 4303 1090 4338 ,
1121 4260 1156 4320 et
1191 4248 1315 4321 cadem

145 4366 307 4464 perlecti,
325 4367 376 4437 sic
390 4363 602 4454 dediceram,
619 4361 741 4454 didici,
760 4361 964 4436 didicero...
985 4365 1072 4436 ltem
1088 4362 1176 4435 illud
1191 4388 1316 4460 repre-

145 4482 308 4554 hendunt
337 4480 433 4579 quod
473 4479 635 4552 dicamus
669 4504 793 4568 amor,
824 4479 995 4567 amabor,
1028 4490 1172 4551 amotus
1202 4504 1312 4550 sum:

145 4596 330 4670 nonenim
350 4587 517 4668 debuisse
536 4595 573 4664 in
588 4620 658 4666 una
679 4594 771 4667 serie
792 4588 904 4666 unum
921 4595 1071 4666 uerbum
1087 4620 1165 4666 esse
1180 4594 1314 4691 duplex

146 4739 229 4786 cum
245 4713 315 4786 duo
337 4710 512 4809 simplicia
526 4725 657 4783 essent.
675 4711 800 4809 Neque
812 4736 856 4783 ex
869 4710 1045 4783 diuisione
1061 4711 1089 4782 si
1106 4709 1314 4782 uniusmodi

145 4855 260 4928 ponas
291 4828 415 4917 uerba,
455 4826 660 4923 discrepant
690 4826 784 4899 inter
813 4852 877 4899 se:
913 4852 996 4897 nam
1031 4825 1161 4899 inlecta
1192 4825 1313 4898 omnia

145 4945 321 5043 simplicia
338 4943 469 5016 similia
488 4957 598 5033 sunt3
626 4955 661 5014 et
679 4940 836 5039 perlecta
856 4942 1012 5040 duplicia
1037 4942 1129 5015 inter
1148 4967 1186 5015 se
1212 4941 1312 5040 paria
