3534 5342
404 539 443 600 28
687 547 731 594 on
757 548 946 596 nnnunmvr
975 548 1041 596 usu
1068 549 1279 598 nscunnonu

454 771 545 845 Nam
561 773 627 846 hoc
637 773 898 847 aduniuersam
911 786 1071 846 nostram
1081 773 1125 847 de
1135 773 1574 872 gerundiuodoctrinam1

405 887 435 961 si
458 887 645 981 referatur,
667 913 793 961 uerum
817 913 895 962 esse
917 889 1066 962 omnino
1092 904 1222 988 potest,
1245 889 1275 963 si
1298 890 1344 962 ad
1369 889 1465 961 illius
1489 889 1575 961 doc-

405 1004 552 1094 trinam,
578 1004 675 1103 quod
701 1005 827 1078 attinet
852 1006 898 1077 ad
925 1005 1121 1078 sentcntiae
1142 1005 1297 1103 figuram
1325 1031 1367 1078 ac
1402 1004 1575 1104 syntaxiu

406 1146 546 1212 uerum,
568 1120 664 1219 quod
679 1120 724 1194 ad
740 1120 1041 1218 significationem
1060 1122 1267 1212 uerborum,
1288 1120 1418 1194 falsum
1440 1135 1506 1195 est.

454 1254 560 1343 Nam,
593 1279 671 1328 mea
696 1254 842 1352 quidem
867 1255 1056 1344 sententia,
1087 1256 1284 1328 ornandum
1314 1266 1366 1326 est
1387 1254 1575 1353 patriam,

398 1371 530 1468 putria
551 1371 712 1444 amandu
730 1382 795 1460 est,
819 1370 871 1444 rei
895 1370 1074 1468 gerendae
1095 1370 1343 1444 necessitatem
1365 1370 1576 1468 exprimunt

404 1485 450 1577 (tl
466 1488 558 1585 suut
590 1485 743 1581 aimer);
773 1501 809 1559 at.
840 1487 992 1561 amendi
1018 1487 1186 1586 patriam
1215 1488 1318 1586 eique
1349 1486 1576 1584 respondens

405 1601 585 1674 amandae
593 1602 757 1700 patriae,
777 1617 917 1677 tantum
933 1602 1034 1676 uerbi
1044 1603 1222 1676 actionem
1239 1603 1406 1675 infectam
1425 1602 1573 1694 (niman,

405 1720 503 1789 etant
532 1716 640 1811 aime')
672 1732 953 1816 repraesentant.
983 1719 1061 1791 Hoc
1088 1719 1200 1815 igitur
1228 1719 1376 1790 interest
1398 1717 1489 1789 inter
1509 1717 1576 1788 has

405 1846 441 1905 et
463 1831 541 1904 illas
568 1832 741 1906 formulas
767 1835 865 1930 quod
888 1834 1010 1908 alteris
1031 1834 1119 1933 quid
1151 1833 1229 1906 fieri
1247 1847 1423 1932 oporteat,
1454 1832 1577 1904 alteris

407 1947 494 2018 nihil
522 1947 651 2038 simile,
677 1950 740 2023 sed
763 1964 825 2022 aut
853 1950 939 2048 quid
959 1950 1021 2023 fiat
1046 1964 1108 2023 aut
1133 1951 1212 2047 ipsa
1226 1949 1336 2022 ‘uerbi
1356 1948 1575 2046 significatio

406 2064 632 2161 exprimitur.
662 2066 785 2164 Itaque
803 2066 1045 2156 Weisweiler,
1071 2093 1152 2138 cum
1180 2093 1199 2138 e
1224 2065 1427 2164 gerundiuo
1454 2078 1576 2137 ortum

406 2180 624 2275 gerundium
642 2181 846 2271 contendat,
873 2181 907 2252 in
933 2183 1110 2279 gerundio
1129 2182 1313 2254 notionem
1328 2181 1380 2252 rei
1394 2179 1577 2276 gerendae

408 2319 450 2365 ac
480 2292 618 2368 futurae
651 2321 729 2369 esse
759 2297 944 2370 contendit
960 2297 986 2389 ²,
1018 2313 1212 2396 censetque
1237 2297 1421 2368 Ciceronis
1453 2295 1573 2389 (Loel.

325 2445 327 2452 ·
409 2409 510 2507 5.19)
542 2436 560 2480 r<
584 2423 755 2484 naturam
783 2411 956 2511 optimum
986 2414 1071 2485 bene
1099 2412 1247 2485 uiuendi
1272 2412 1396 2484 ducem
1420 2439 1455 2500 u,
1483 2410 1578 2482 bene

408 2525 498 2596 uerti
516 2526 722 2598 uFiihrerin
738 2527 828 2600 dazu
847 2528 930 2601 dass
950 2555 1031 2601 man
1051 2543 1118 2626 gut
1136 2529 1228 2619 lebe,
1250 2527 1331 2600 dum
1349 2525 1422 2598 eius
1438 2539 1476 2598 ut
1491 2526 1578 2598 bene

408 2639 1576 2717 ur'uoturzduoeuitaebeneinstituendoe³n.Sednunbonamesse

409 2755 1074 2858 eiusmodiinterpretationemudocent
1088 2759 1157 2857 ipsi
1173 2773 1311 2831 ueteres
1328 2785 1335 2830 :
1350 2783 1438 2828 nam
1450 2757 1576 2854 uulga-

407 2869 585 2942 tissimum
606 2873 694 2945 illud
712 2873 898 2948 scribendo
919 2875 1132 2974 adfuerunt,
1155 2877 1290 2947 Graece
1310 2873 1460 2946 uertitur
1479 2873 1577 2970 apud

381 2997 383 3001 ’
407 3011 468 3058 eos
487 3011 557 3058 non
576 2992 627 3082 (ut
646 2988 723 3062 uult
740 2989 983 3081 Weisweiler‚
1002 2991 1277 3089 interpretans«
1302 3003 1341 3061 ut
1360 2989 1577 3062 scriberetur

1546 3104 1559 3148 5

407 3099 598 3173 adfuerunt
612 3102 672 3194 ι)))
689 3115 740 3175 ἵνα
757 3115 916 3204 γράφηται
935 3123 1092 3203 παρῆσαν,
1112 3107 1175 3180 sed
1187 3117 1371 3204 γραφομένῳ
1388 3121 1532 3202 παρῆσαν
1562 3161 1570 3176 .

407 3199 718 3312 igituractionem
736 3246 814 3292 eam
833 3247 924 3319 quae
943 3222 1122 3319 gerundio
1141 3222 1366 3318 designatur,
1387 3245 1460 3292 non
1481 3220 1576 3292 iutu-

407 3358 498 3418 ram‚
519 3334 582 3406 sed
601 3349 827 3430 praesentem
853 3337 1192 3434 interpretabantur.
1221 3338 1296 3408 lam
1316 3361 1403 3408 uero
1423 3336 1574 3409 uerbum

407 3449 519 3520 uerbo
535 3449 757 3522 reddendum
771 3453 819 3524 ita
830 3452 1017 3543 curabant,
1041 3469 1080 3524 ut
1102 3453 1242 3525 uiolatis
1259 3452 1436 3524 sermonis
1448 3451 1574 3524 Graeci

408 3563 549 3661 legibus
575 3566 764 3638 articulum
784 3594 856 3666 qno
875 3567 1019 3641 carebat
1041 3568 1168 3665 lingua
1196 3568 1320 3640 Latina
1343 3567 1573 3640 omitterent:

413 3681 577 3753 «Omnes
590 3680 795 3779 feregraeci
811 3684 1017 3782 scriptores,
1033 3685 1082 3756 ait
1098 3686 1238 3756 Dossou
1256 3685 1280 3772 ⁶,
1295 3683 1358 3782 qui
1373 3709 1414 3756 ea
1430 3698 1574 3756 senatus

442 4003 464 4051 i.
486 4002 614 4051 Nostram
632 4001 665 4050 de
683 4002 736 4051 hac
749 4015 778 4051 ro
790 4004 967 4059 sententiam,
987 4003 1010 4052 si
1029 4001 1141 4052 breuius
1158 4016 1192 4052 ac
1208 4001 1325 4051 liberius
1342 4001 1574 4064 comprehendere

409 4076 482 4138 licet,
513 4083 578 4127 sunt
595 4079 667 4127 inter
690 4092 720 4128 se
741 4077 865 4127 amandi
884 4083 912 4128 et
934 4078 1101 4128 amandum
1124 4083 1165 4128 est
1187 4078 1267 4140 quasi
1294 4076 1466 4132 consobrini,
1481 4075 1574 4126 eodem

409 4165 475 4213 auo,
493 4167 559 4214 non,
577 4156 607 4202 ut
626 4155 685 4203 uult
702 4154 886 4211 Weiswailer‚
905 4155 1002 4203 eodem
1020 4158 1104 4216 patre
1121 4153 1243 4203 oriundi.

438 4235 465 4284 2.
487 4233 531 4282 W.
548 4233 569 4284 i.
587 4233 607 4284 i.
631 4234 685 4285 131.
708 4251 720 4278 (ι
736 4233 817 4283 Auch
833 4235 860 4282 in
879 4234 1050 4284 Gerundium
1066 4233 1138 4283 wird
1154 4234 1199 4283 die
1219 4233 1378 4295 Handiung,
1397 4245 1468 4294 ganz
1485 4230 1572 4281 wiein

408 4309 799 4372 Gerundiv‚wiei1berhaupt
818 4299 908 4360 'durch
922 4310 971 4360 das
986 4314 1059 4373 part..
1081 4310 1134 4360 tut.
1164 4323 1254 4372 pass,
1275 4309 1316 4358 als
1334 4322 1367 4358 zu
1384 4307 1573 4358 voliziebende

407 4383 572 4446 Thatigkeit
591 4384 782 4446 ausgedr'uckt
797 4402 821 4432 u.

439 4467 465 4515 3.
488 4463 572 4522 Idem,
592 4463 714 4516 ibidem.

438 4544 463 4594 i.
487 4544 573 4604 Idem,
591 4544 713 4594 ibidem.

439 4626 464 4674 5.
486 4625 529 4687 Gt.
551 4621 686 4680 Vrnnucu,
706 4626 800 4674 Sermo
824 4625 945 4674 Graecus
963 4639 1016 4688 quo
1035 4625 1124 4682 SPQR
1147 4638 1234 4686 usque
1262 4624 1297 4672 ad
1318 4623 1421 4673 Tiberii
1450 4622 1573 4673 Caesaris

410 4701 529 4747 aetatem
547 4698 575 4746 in
593 4698 837 4760 scriptispublicis
855 4700 898 4748 usi
920 4708 993 4759 sunt,
1009 4714 1038 4763 p.
1058 4703 1097 4758 79,
1114 4699 1166 4750 cite
1184 4713 1233 4762 par
1249 4699 1380 4755 Persson‚
1399 4698 1417 4748 i.
1432 4698 1453 4749 i.
1473 4712 1501 4762 p.
1521 4698 1574 4756 1233

410 4787 439 4824 u.
462 4775 484 4822 t.
501 4771 593 4821 -·Ct.
615 4773 736 4829 Dossou,
756 4773 774 4823 i.
789 4773 809 4823 i.
830 4786 856 4835 p.
877 4774 915 4824 13.

441 4852 467 4902 6.
484 4853 605 4910 Dossou,
625 4850 646 4902 t.
665 4851 686 4902 t.
706 4865 736 4914 p.
756 4852 807 4909 106,
822 4865 851 4902 n.
871 4854 897 4903 3.
