3534 5342
526 617 570 662 nu
596 614 817 662 recessimus
842 615 988 663 norreuu
1303 607 1342 666 43

177 843 298 916 weiler
317 858 435 916 ortum
458 855 571 941 putet,
595 842 669 914 uim
689 842 911 914 necessitatis
930 868 1002 915 non
1030 867 1251 940 comparere,
1277 867 1344 914 nec

178 975 297 1033 tamen
324 959 410 1031 satis
436 958 609 1056 explicari
629 983 692 1032 cur
718 959 754 1029 in
780 957 848 1030 hcc
872 983 956 1031 casu
980 958 1169 1031 obscurata
1191 958 1249 1030 sit.
1273 957 1343 1030 Sed

177 1075 306 1174 placita
325 1074 554 1147 Weisweiler
572 1100 652 1146 cum
673 1073 807 1170 optime
828 1073 1208 1163 Perss0n1reffellerit‚
1228 1073 1344 1146 notio-

178 1216 333 1289 nemque
354 1189 575 1262 necessitatis
600 1215 671 1261 non
692 1214 770 1262 esse
788 1189 1024 1287 principalem
1044 1189 1252 1277 ostenderit,
1278 1214 1343 1260 nes
1410 1195 1412 1199 ’

177 1307 263 1379 haec
282 1305 379 1379 notio
399 1305 535 1378 formae
550 1305 587 1377 in
601 1304 714 1377 -ndus
729 1305 906 1377 desinenti
926 1331 997 1404 quc
1014 1320 1118 1403 pacto
1134 1304 1341 1394 accreuerit‚

177 1422 421 1496 ostendamus.

224 1548 266 1620 Β.
282 1589 331 1602 -
343 1547 517 1646 Exempla
531 1547 663 1647 quibus
679 1547 850 1644 probetur
865 1548 956 1620 hauc
970 1572 1100 1628 nouam
1117 1545 1342 1644 significandi

176 1663 251 1736 uim
288 1689 490 1738 accrescere
526 1664 638 1736 uerbo
674 1663 847 1760 potuisse,
889 1664 985 1761 quod
1019 1676 1153 1760 negant
1180 1662 1341 1761 quidam,

177 1779 328 1851 multae
354 1779 462 1852 uariis
486 1778 620 1877 linguis
640 1779 792 1878 proferri
812 1778 995 1876 possunt².
1023 1779 1118 1851 Satis
1142 1778 1209 1852 erit
1232 1803 1343 1849 unum

176 1908 211 1967 et
224 1895 375 1967 alterum
391 1921 609 1968 memorasse
623 1922 713 1994 quae
725 1896 855 1968 adrem
871 1895 1028 1967 maxime
1041 1895 1233 1992 pertinent.
1251 1894 1343 1965 Nam

159 2011 362 2113 xadieetiuis
378 2009 585 2082 uerbalihus
605 2011 640 2080 in
655 2010 748 2100 -ἰίιέ,
769 2010 877 2100 -tttts,
898 2010 999 2083 -bt'lt's
1016 2009 1245 2101 exeuntibus,
1262 2035 1344 2081 cum

175 2153 221 2199 ex
237 2126 503 2225 comparatione
514 2152 596 2199 cum
606 2127 731 2200 formis
739 2127 901 2224 cognatis
915 2125 1110 2217 instituta³,
1123 2141 1199 2198 tum
1214 2151 1233 2197 e
1249 2124 1344 2222 pris-

172 2268 297 2342 corum
312 2242 529 2339 scriptorum
544 2269 611 2315 usu
625 2245 777 2338 (corona
786 2241 957 2342 plectilis,
979 2241 1094 2314 Plaut.
1117 2241 1252 2314 Baeclt.
1277 2267 1336 2338 70,

173 2381 257 2430 cum
276 2357 332 2430 his
355 2358 442 2429 mihi
466 2384 531 2430 nec
562 2358 675 2449 locus,
708 2383 774 2430 nec
801 2382 919 2430 sermo
950 2357 1131 2445 conuenit,
1163 2383 1279 2454 neque
1310 2357 1341 2429 is

179 2493 339 2572 unquam
377 2470 504 2546 nobilis
535 2473 600 2563 lui,
631 2473 803 2546 Pseudol.
840 2477 960 2572 1112),
994 2485 1144 2570 apparet
1180 2473 1346 2546 notiones

181 2588 418 2690 procliuitatis
434 2614 475 2661 ac
489 2588 667 2662 facultatis
681 2589 822 2662 natiuas
837 2615 910 2660 non
926 2615 1017 2679 esse,
1035 2589 1097 2662 sed
1111 2589 1343 2661 aduenticias

179 2707 267 2778 ltem
288 2705 323 2776 in
345 2705 573 2802 participium
596 2704 742 2803 perfecti
760 2705 797 2776 in
812 2717 885 2778 -to-
900 2705 1067 2786 desinens
1089 2706 1142 2778 uis
1154 2704 1346 2803 potestatis

180 2847 221 2894 ac
246 2817 436 2919 dt'puitetis
465 2821 609 2894 inducta
628 2836 694 2910 est,
719 2847 809 2919 quae
833 2822 990 2919 primum
1017 2821 1158 2894 aberat:
1178 2818 1343 2908 inuictus,

180 2936 386 3026 indomitur,
404 2949 638 3028 memoretur,
655 2948 889 3034 contemptur,
903 2937 947 3010 cl.
966 2945 1073 3028 βατός,
1090 2947 1222 3028 ἄβατος,
1237 2942 1341 3019 λυτός,

179 3052 383 3134 ἄλυτοςᾞίε
395 3078 439 3125 ex
450 3052 626 3151 exemplis
637 3066 820 3126 constatet
831 3051 1343 3150 participioinlectinotionem

179 3167 400 3242 necessitatis
418 3193 619 3240 accrescere
641 3168 811 3265 potuisse.
1239 3246 1241 3252 ,

227 3283 306 3374 Qua
319 3297 438 3356 autem
458 3284 514 3356 uia
535 3309 676 3382 quaque
695 3284 834 3356 ratione
856 3309 934 3356 eam
955 3284 1188 3380 assumpserit
1209 3309 1346 3381 geruu-

178 3400 315 3488 diuum,
325 3399 420 3472 docti
431 3399 518 3474 uiril
532 3399 660 3471 melius
675 3385 1343 3498 indicaueruntquamexplanauerunt‚

178 3515 207 3587 is
222 3529 355 3606 autern,
371 3515 513 3612 opiner,
524 3515 626 3588 facile
642 3515 846 3612 perspiciet,
866 3515 927 3613 qui
941 3517 1028 3588 haec
1038 3516 1110 3588 duo
1126 3515 1343 3607 meminerit,

178 3645 213 3704 et
232 3656 341 3729 quam
359 3631 428 3703 late
446 3631 567 3704 inlecti
591 3631 750 3703 maxime
771 3631 907 3728 passini
925 3630 1139 3728 significatio
1158 3646 1288 3728 pateat,
1312 3645 1346 3703 et

179 3772 249 3845 qua
268 3746 327 3817 uia
345 3771 451 3843 saepe
482 3745 617 3819 ferinae
641 3745 746 3818 alicui
775 3773 870 3818 noua
895 3747 993 3819 notio
1021 3747 1069 3819 ita
1095 3761 1285 3836 accrescat,
1309 3762 1347 3819 ut

178 3861 254 3933 eius
275 3860 419 3959 propria
437 3887 515 3934 esse
536 3862 710 3935 uideatur.
730 3863 822 3935 Nam
839 3862 1009 3935 infectum
1031 3862 1067 3932 in
1082 3862 1207 3934 Latina
1222 3863 1346 3959 lingna

178 3977 331 4050 uerbum
360 4002 431 4050 non
455 3991 594 4049 tantum
620 3978 657 4050 id
684 3978 855 4074 exprimit
877 3978 978 4076 quod
987 3978 1041 4076 fit
1060 3977 1144 4049 dum
1167 3977 1344 4077 eliudstt,

179 4118 242 4165 seu
264 4116 433 4188 praesens
449 4094 546 4191 quod
561 4094 685 4165 dicunt
699 4108 855 4191 tempuS,
874 4094 935 4166 sed
952 4093 1066 4190 ipsius
1088 4093 1188 4165 uerbi
1209 4119 1347 4166 merem

179 4233 228 4310 ce·
260 4207 394 4279 nudam
437 4207 758 4307 sr'pnt'stcutionem.
805 4210 878 4280 lam
929 4235 1014 4282 uero
1059 4207 1195 4282 formae
1241 4208 1347 4280 alicui

181 4348 297 4396 nouus
320 4347 428 4419 saepe
446 4349 574 4396 sensus
588 4324 743 4414 additur,
773 4325 986 4422 uideturque
1011 4324 1193 4422 proprius,
1215 4324 1277 4422 qui
1310 4324 1346 4394 in

180 4463 253 4510 unc
280 4452 314 4510 et
340 4437 451 4512 altero
484 4437 644 4512 eiusdem
683 4439 819 4513 formae
851 4439 1026 4513 uocabulo
1060 4438 1348 4538 frequentissime

212 4692 236 4740 1.
255 4690 396 4748 Punssou,
414 4690 434 4742 t.
457 4690 478 4742 t.
499 4707 526 4755 p.
546 4693 585 4750 97,
604 4706 648 4756 sq

210 4771 236 4820 2.
258 4769 435 4828 Presserat
455 4771 475 4822 l
499 4773 628 4829 105,109.

209 4852 235 4902 3.
260 4851 430 4910 Beueuxnm
451 4851 628 4910 Gruudriss‚
646 4865 674 4910 u,
695 4853 745 4910 ¹90,
764 4853 818 4913 200,
838 4867 880 4918 sq.

209 4930 236 4982 4.
258 4931 301 4982 ct.
321 4929 425 4990 Emtae,
444 4931 532 4984 Esset
549 4933 584 4984 de
601 4933 796 4998 seruauitque,
813 4935 858 4987 ch.
876 4946 918 4996 111;
934 4935 1073 4996 pressos,
1091 4936 1111 4988 l.
1134 4934 1156 4988 t
1178 4934 1230 4997 tec,
1244 4933 1298 4990 108
