3534 5342
530 659 576 704 nn
601 657 823 705 uncrssrrrrrs
846 657 994 708 nouom:
1304 656 1346 716 45

175 885 243 958 nisi
255 863 471 959 ¹concretum
489 885 745 982 passiuumque
765 884 906 957 dicendi
924 911 1041 982 genus
1061 886 1209 958 Latinus
1226 912 1345 959 sermo

175 1001 308 1075 mallet.
326 1002 457 1074 -Sed
474 1001 676 1098 gerundiua
692 1000 764 1090 illa,
783 999 917 1072 cumin
935 1000 1099 1073 formulis
1117 1017 1346 1075 occurrerent

168 1116 412 1216 propositum,
439 1116 575 1215 finem,
609 1116 775 1215 officium
803 1116 1103 1214 exprimentibus
1130 1116 1263 1189 factum
1292 1131 1347 1190 est

175 1233 277 1331 qnasi
290 1233 504 1329 eoutopione
519 1233 688 1330 quadam,
707 1232 808 1304 cuius
826 1231 895 1304 alia
912 1233 1077 1329 exempla
1092 1233 1204 1305 multa
1220 1246 1303 1305 sunt
1317 1235 1341 1320 ⁴,

176 1365 214 1421 ut
232 1349 311 1446 ipsa
331 1374 476 1420 sensum
494 1347 687 1446 propositi,
714 1347 848 1447 officii,
870 1361 955 1437 cet„
978 1347 1014 1419 in
1035 1374 1073 1420 se
1091 1348 1223 1421 habere
1242 1349 1345 1421 uide-

98 1447 99 1451 *
174 1479 310 1553 rentur,
333 1479 367 1536 et
386 1465 423 1535 in
443 1478 559 1537 totum
578 1489 694 1560 genus
715 1478 977 1561 propagarent.
1015 1548 1016 1552 Ἰ

222 1581 263 1652 C.
282 1581 398 1650 -Ex
417 1605 459 1652 eo
477 1594 653 1676 tempore,
674 1579 867 1676 gerundiui
890 1579 945 1652 uis
974 1605 1056 1652 cum
1075 1579 1210 1676 duplex
1235 1594 1341 1670 esset,

175 1696 283 1768 altera
307 1721 377 1793 qua
401 1695 496 1793 quid
511 1707 698 1792 operetur,
721 1693 832 1766 altera
852 1721 922 1793 qua
947 1694 1040 1793 quid
1055 1707 1143 1767 esset
1163 1695 1343 1792 upendum

174 1811 327 1908 exprimi
351 1825 504 1909 poterat,
533 1811 703 1883 alterutra
724 1811 880 1882 Romani
900 1836 966 1910 pro
988 1837 1114 1883 sensus
1139 1810 1344 1883 declarandi

176 1927 443 2024 opportunitate
470 1926 526 1998 usi
548 1940 643 1999 sunt.
724 1993 726 2000 .

222 2043 404 2140 Participii
429 2043 649 2114 necessitatis
669 2069 755 2114 usus
771 2042 837 2114 luit
854 2042 998 2140 triplex,
1022 2044 1140 2132 Unus,
1159 2042 1220 2140 qui
1242 2067 1343 2139 prae-

174 2159 351 2231 dications
377 2159 519 2248 dicitur,
542 2185 613 2258 quo
636 2160 681 2231 ad
702 2159 813 2231 uerba
840 2159 1054 2256 complenda
1079 2159 1267 2231 adhibetur
1289 2161 1342 2254 (ut

174 2274 1343 2372 dore‚locore‚cet.),quaepraeteraccusatiuumObiectialterum

176 2391 397 2480 desiderant,
430 2416 502 2489 quo
534 2391 616 2489 quis
646 2390 689 2463 de
714 2390 854 2463 obiecto
874 2391 961 2488 qnid
988 2390 1066 2463 lieri
1094 2388 1183 2462 uelit
1212 2389 1344 2460 indicat

174 2508 270 2602 (ug.
293 2507 407 2577 Plaut.
436 2504 541 2577 Asin.
567 2507 638 2592 444
659 2505 811 2604 scyphos
835 2531 925 2604 quos
950 2506 1097 2578 utendos
1113 2505 1219 2592 dedit.
1243 2504 1344 2576 Alter

173 2647 259 2693 usus
279 2621 522 2711 attributiuuS‚
543 2648 605 2694 seu
627 2621 824 2694 adiectiuus
844 2620 987 2713 dicitur,
1009 2647 1080 2719 quo
1099 2620 1343 2719 peruudinum

172 2738 297 2809 eodem
314 2738 422 2810 modo
443 2763 515 2836 quo
535 2737 732 2810 adiectiuus
754 2736 962 2835 qualitatem
982 2737 1174 2809 enuntians
1196 2735 1341 2832 ponitur

170 2867 209 2924 ut
229 2852 344 2924 Plaut.
362 2853 459 2925 Rud.
488 2854 583 2939 345:
614 2853 686 2925 Pol
708 2852 812 2925 houd
826 2852 999 2925 mirando
1018 2854 1130 2950 sacto
1161 2851 1277 2940 dr'eis3
1308 2865 1343 2923 et

172 2967 230 3040 hic
257 2994 343 3040 usus
376 2968 472 3065 apud
500 2968 638 3066 priscos
657 2968 849 3064 scriptores
879 2968 1061 3040 rarissime
1081 2967 1248 3039 occurrit.
1279 2968 1342 3038 Est

172 3083 327 3182 denique
348 3084 474 3157 tertius
494 3110 595 3174 usus,
621 3109 692 3182 quo
721 3084 766 3156 ad
789 3084 1036 3156 necessitatem
1068 3083 1340 3179 exprimendam

170 3200 413 3295 gerundiuum
443 3225 524 3271 cuin
549 3200 660 3272 uerbo
688 3225 763 3272 esse
783 3199 1028 3296 coniungitur,
1057 3211 1096 3270 ut
1124 3224 1206 3271 cum
1232 3197 1337 3270 dico:

171 3313 260 3386 liber
289 3306 915 3412 [096001006040001110114000010
944 3314 1132 3412 lepeudout
1160 3339 1246 3384 esse.
1270 3313 1340 3404 Qui
1375 3362 1377 3366 ψ

172 3455 258 3500 usus
271 3429 579 3528 periphrasticos,
597 3445 637 3502 ut
661 3431 798 3519 dicunt,
822 3430 1077 3502 usitatissimus
1095 3443 1159 3502 est.

221 3545 274 3616 De
294 3545 361 3617 hoc
376 3572 443 3617 usu
459 3546 633 3645 quaedam
653 3547 812 3619 notanda
831 3560 925 3618 sunt.

134 3722 136 3726 .
219 3661 312 3732 Nam
335 3661 442 3734 etiam
472 3662 516 3734 ad
547 3662 657 3734 uerba
693 3662 848 3760 pertinet
877 3686 968 3759 quae
1003 3675 1130 3733 neutra
1155 3661 1336 3751 dicuntur,

172 3777 278 3854 modo
302 3777 379 3849 sine
399 3777 560 3849 subiecto
582 3777 677 3854 sint:
714 3791 754 3850 ut
776 3777 955 3868 curritur,
984 3788 1146 3867 caretur,
1164 3776 1212 3847 ita
1231 3776 1338 3848 etiam

169 3892 388 3965 currendum
406 3907 473 3982 est,
495 3892 692 3968 carendum
710 3908 763 3965 est
777 3893 848 3965 dici
869 3905 996 3989 potest.

218 4009 292 4079 lam
313 4034 414 4098 uero,
437 4009 578 4107 quoties
597 4009 842 4105 gerundiuum
862 4033 945 4109 oum
964 4007 1074 4079 uerbo
1095 4033 1169 4079 esse
1186 4008 1339 4080 coniun-

168 4123 292 4219 gitur,
329 4123 428 4196 notio
461 4123 681 4196 necessitatis
714 4125 816 4196 adest
851 4150 858 4194 :
897 4149 990 4221 quae
1020 4123 1050 4194 si
1087 4148 1159 4195 non
1199 4124 1341 4196 adesset

170 4239 349 4311 amundus
364 4254 431 4329 est,
449 4253 485 4311 et
501 4252 664 4330 amatur,
682 4238 878 4312 amandum
905 4254 1031 4311 esseut
1050 4237 1175 4311 umori
1192 4239 1230 4309 in'
1245 4239 1340 4311 idem

170 4354 380 4437 reciderent.
420 4400 468 4410 -—
505 4355 607 4427 Hanc
642 4344 763 4427 tamen
802 4355 983 4428 notionem
1014 4381 1107 4444 non,
1151 4368 1190 4427 ut
1228 4354 1341 4428 uoluit

169 4551 590 4570 ι-ὸ-ῇ--ι--η-

169 4685 201 4722 ea
218 4671 346 4721 uersione
364 4671 461 4722 intecti
477 4672 555 4722 notio
573 4676 703 4736 quaeest
719 4673 752 4723 in
770 4671 922 4724 lustrandi
938 4685 993 4722 non
1010 4672 1145 4721 redditur.
1168 4672 1228 4720 Hoc
1251 4671 1341 4721 solum

169 4747 284 4796 concedi
302 4750 395 4809 potest
412 4748 589 4799 Weisweiler
606 4749 711 4798 dicenti
729 4748 760 4810 tt.
782 4748 801 4798 t.
820 4762 849 4811 p.
872 4749 923 4804 130,
944 4748 996 4809 131)
1011 4762 1017 4796 :
1034 4764 1046 4793 «
1065 4747 1111 4798 Ad
1128 4746 1337 4810 diripiendum

168 4821 205 4870 ist
221 4822 395 4885 keineswegs
418 4823 510 4887 gleich
522 4823 560 4872 ad
577 4823 786 4890 direptionem,
800 4825 853 4874 wie
868 4824 952 4874 meist
965 4823 1074 4886 gelehrt
1087 4822 1169 4872 wird.
1192 4840 1203 4868 »

201 4903 222 4950 1.
240 4902 282 4952 cf.
305 4915 374 4965 quae
392 4917 476 4966 supra
501 4903 540 4967 (p.
563 4904 602 4966 11)
625 4903 681 4954 dixi
707 4905 741 4954 de
758 4903 877 4954 formula
897 4904 923 4954 si
950 4902 1096 4959 haberem,
1122 4906 1150 4952 et
1167 4915 1237 4966 quae
1254 4901 1289 4950 de
1307 4915 1341 4952 ea

72 5021 74 5026 ,
168 4979 347 5042 contagione.
364 4972 469 5036 Budas,
488 4978 574 5031 Esset
586 4980 622 5032 de
638 4980 834 5045 contentique,
852 4993 881 5044 p.
900 4981 954 5031 22¹.
