3534 5342
376 618 414 678 54
664 627 707 670 DE
732 625 920 673 GERUNDIVI
948 627 1012 674 USU
1042 625 1253 674 asemona

376 848 625 923 Romanorum
655 864 744 924 teste
771 851 1018 943 Quintilian0¹
1039 851 1275 925 erudissimus
1306 851 1375 942 uir,
1401 867 1545 924 contra-

374 965 460 1038 dicit
485 966 535 1037 M.
564 968 605 1039 T.
637 967 763 1040 Varro.
802 968 835 1039 ls
862 967 957 1040 enim
992 967 1030 1038 in
1062 967 1154 1040 libro
1182 969 1226 1041 de
1252 967 1388 1040 Latino
1420 967 1546 1064 linqua

377 1083 531 1153 octauo⁹
559 1108 578 1153 <‹
596 1083 652 1154 Ab
676 1108 772 1175 ome,
800 1082 931 1181 inquit,
953 1097 987 1156 et
1007 1083 1183 1157 eiusmodi
1209 1085 1330 1157 uerbis
1357 1082 1543 1171 omnibus,

376 1196 539 1270 oriuntur
558 1223 727 1296 praesens
746 1212 781 1271 et
798 1198 973 1289 loturum,
995 1213 1035 1272 ut
1055 1225 1184 1272 omons
1203 1214 1238 1272 et
1257 1212 1476 1288 amoturus3
1499 1198 1544 1269 ab

376 1311 428 1383 eis
447 1313 568 1385 ucrbis
592 1314 734 1386 tertium
769 1315 867 1412 quod
885 1315 992 1388 debet
1019 1315 1108 1412 fingi
1135 1315 1331 1412 praeteriti,
1357 1315 1394 1386 in
1419 1314 1545 1411 lingua

378 1421 504 1496 Latina
524 1425 673 1523 reperiri
693 1451 764 1498 non
783 1439 918 1523 potest:
941 1452 1014 1499 non
1034 1451 1123 1524 ergo
1141 1441 1195 1499 est
1220 1426 1402 1524 analogia.
1423 1425 1483 1497 Sic
1501 1424 1547 1497 ab

375 1564 494 1629 umor,
523 1541 640 1638 lepor,
666 1557 701 1615 et
724 1542 900 1615 eiusmodi
926 1543 1047 1616 uerbis
1067 1542 1283 1616 uocabulum
1301 1543 1379 1614 eius
1398 1540 1544 1639 generis

378 1656 560 1751 praeteriti
586 1658 759 1755 temporis
787 1657 839 1748 fit,
859 1671 898 1730 ut
917 1671 1061 1731 amotus
1078 1683 1194 1749 erum,
1210 1685 1303 1748 sum,
1325 1682 1408 1746 ero;
1430 1681 1546 1755 neque

275 1767 277 1774 ’
369 1773 577 1876 proesentis
590 1785 623 1845 et
629 1773 761 1871 futuri
771 1774 818 1846 ob
833 1773 887 1846 tis
895 1773 950 1874 fit
963 1773 988 1846 ⁸.
1007 1802 1025 1846 n
1046 1775 1168 1872 ltaque
1185 1788 1276 1848 teste
1295 1774 1373 1846 uiro
1400 1773 1546 1870 linguae

378 1885 526 1961 Latinae
544 1889 776 1986 peritissime,
796 1890 989 1981 amandus,
1006 1891 1189 1964 Ciceronis
1208 1903 1335 1980 aetate,
1360 1915 1432 1961 non
1451 1889 1547 1961 idern

378 2015 551 2102 astatque
567 2011 581 2076 ὁ
595 2012 850 2103 φιληθησὸμενος,
870 2020 910 2079 ut
925 2020 1039 2079 aetate
1054 2006 1228 2079 Prisciani
1243 2005 1323 2078 fuit.

424 2138 467 2208 B.
491 2182 537 2194 -
558 2139 628 2211 Sed
643 2139 764 2212 relicta
778 2140 1098 2237 grammaticorum
1113 2140 1336 2225 auctoritate,
1354 2164 1446 2236 quae
1465 2137 1544 2236 ipsa

377 2252 564 2324 nobiscum
580 2253 677 2344 lacit,
693 2255 737 2327 ad
755 2255 971 2353 scriptorum
987 2281 1094 2328 usum
1109 2255 1310 2328 ueniamus

427 2386 523 2458 Dicit
565 2387 660 2460 enim
686 2387 916 2460 Weisweiler
953 2389 1188 2487 principalem
1222 2387 1363 2461 futurae
1395 2386 1546 2460 actionis

379 2501 679 2598 significationem
711 2504 748 2575 in
784 2504 999 2602 quibusdam
1033 2505 1121 2577 locis
1153 2505 1369 2602 scriptorum
1399 2528 1546 2575 reman-

380 2616 481 2690 sisse.
502 2618 572 2690 Sed
588 2644 627 2690 ea
649 2645 741 2718 quae
760 2621 862 2693 allert
882 2620 1046 2718 exempla
1067 2646 1137 2693 non
1160 2620 1197 2693 id
1216 2619 1312 2718 quod
1333 2618 1410 2691 uult
1428 2618 1545 2716 signi-

377 2732 496 2805 licant.

428 2866 520 2939 Nam
545 2868 589 2942 de
612 2869 691 2944 loco
716 2870 808 2942 Tulli
823 2870 836 2912 ⁴
852 2895 957 2969 quem
983 2870 1031 2942 ita
1051 2869 1198 2946 laudat:
1225 2871 1485 2968 «Respectans
1507 2868 1544 2940 in

380 3007 422 3054 ea
454 2983 614 3080 profecto
643 2986 720 3058 loca
747 2987 928 3077 discessit,
957 3012 1028 3084 quo
1060 2987 1148 3058 mihi
1177 2987 1246 3084 ipsi
1278 2986 1445 3059 cernebat
1472 3010 1547 3057 esse

379 3097 611 3191 ueniendum,
642 3129 660 3173 »
693 3102 773 3199 quis
800 3101 850 3172 illi
879 3102 1092 3174 assentiatur
1117 3102 1346 3174 contendenti
1375 3113 1545 3174 nontam

381 3213 548 3287 ueniendi
579 3218 828 3309 necessitatem
858 3217 916 3289 hic
948 3217 1103 3313 exprimi
1139 3243 1378 3315 quamspem
1405 3216 1545 3287 futurae

282 3315 283 3318 Ἴ
381 3331 651 3404 conuentionis?
666 3333 783 3423 Quam
803 3333 1007 3430 significare
1032 3333 1062 3405 si
1084 3333 1198 3405 uoluit
1225 3333 1363 3404 Tullius
1388 3357 1451 3405 cur
1473 3356 1545 3403 non

381 3446 498 3518 actiuo
519 3447 630 3519 uerbo
660 3451 731 3541 (me
757 3474 832 3520 esse
861 3453 1067 3542 uenturum)
1100 3450 1196 3544 quod
1215 3448 1443 3545 aptissimum
1464 3446 1544 3536 luit,

382 3587 468 3634 usus
490 3562 573 3634 est‘l
591 3605 638 3616 -
661 3564 715 3636 De
731 3564 809 3636 aliis
824 3564 911 3636 locis
931 3590 1022 3662 quos
1042 3563 1144 3636 affert
1164 3563 1292 3636 similis
1310 3562 1400 3636 ratio
1420 3576 1485 3648 est,
1510 3575 1548 3634 ut

381 3692 464 3750 ante
484 3679 641 3751 uidimus
655 3683 708 3777 (p.
732 3683 807 3775 28),
825 3694 859 3751 et
874 3693 1021 3752 monent
1036 3679 1234 3752 doctissimi
1247 3678 1328 3751 uiri.
1347 3679 1439 3750 Nam
1455 3675 1546 3748 male

381 3793 503 3866 uerbis
518 3795 558 3866 T.
582 3795 662 3869 Liui
677 3798 862 3869 xx1.22.8:
884 3795 1008 3868 «inter
1025 3795 1168 3893 labores
1187 3809 1248 3867 aut
1265 3795 1337 3866 iam
1352 3794 1546 3867 exhaustos

383 3923 535 3981 autmox
544 3911 808 3984 exhauriendos
817 3939 835 3983 »
845 3911 1003 3984 actiuum
1021 3910 1155 4008 aliquid
1165 3911 1361 4008 significari
1378 3923 1416 3981 ut
1427 3935 1444 3979 u
1455 3909 1547 3980 inter

382 4024 523 4098 labores
551 4051 641 4124 quos
672 4027 910 4100 exhauserant
935 4027 1100 4124 (-issent)
1128 4040 1188 4099 aut
1212 4025 1421 4098 exhausturi
1448 4038 1547 4097 erant

385 4143 531 4236 (essent)
557 4170 575 4214 n
603 4141 809 4215 arbitratur.
846 4143 960 4215 Multo
995 4142 1124 4216 melius
1153 4143 1282 4215 docent
1305 4141 1483 4213 Riemann
1514 4155 1548 4214 et

417 4478 440 4526 1.
461 4477 634 4534 Qururrcrun,
651 4475 725 4526 xl«

415 4557 440 4606 2.
462 4557 553 4619 Line.
573 4556 720 4608 batvin.
741 4557 782 4607 58.

416 4639 439 4688 3.
458 4636 512 4686 Sed
525 4649 613 4699 nequo
626 4637 791 4700 praesentis
804 4635 1001 4700 participium
1014 4649 1075 4685 esse
1091 4637 1240 4686 avarrone
1254 4636 1310 4685 dici
1327 4635 1350 4683 si
1363 4635 1425 4697 quis
1436 4633 1550 4693 obiciat,

386 4725 448 4762 eum
462 4711 617 4762 admonebo
635 4713 676 4763 ita
691 4713 843 4763 Varronem
860 4712 964 4761 dixisse
977 4712 1049 4775 quod
1065 4712 1239 4761 nominatiuo
1257 4725 1324 4760 casu
1338 4722 1453 4766 amaus,
1471 4721 1552 4759 ama·

388 4791 485 4846 turus,
497 4790 615 4838 amatus
634 4789 797 4851 protulerat,
815 4801 870 4851 quo
888 4801 956 4838 casu
968 4787 1117 4839 amandus
1129 4787 1305 4851 participium
1317 4785 1483 4850 praesentis
1496 4797 1550 4834 non

386 4867 438 4922 est,
452 4862 502 4912 sed
517 4863 711 4915 necessitatis.

417 4943 442 4994 l.
463 4942 527 4996 cat.
548 4941 622 4995 Mai.
638 4943 680 4995 74.
