3534 5342
638 538 842 586 aaooatssuat
1304 527 1325 586 5

204 765 367 864 Denique
386 764 421 835 in
442 764 486 836 iis
509 790 600 864 quae
622 765 734 861 Leqes
755 763 880 860 reqiae
896 763 906 806 ¹
925 762 1093 866 dicuntur
1114 762 1201 835 haec
1219 762 1324 835 habet

154 888 352 988 capitulum
377 889 515 987 quoda
547 889 665 960 Numa
702 887 880 984 Pompilio
907 887 1084 959 sancitum
1116 885 1178 960 diu
1207 886 1325 960 cradi-

155 1017 298 1105 derunt,
320 1028 414 1087 certe
432 1012 722 1111 antiquissimum
744 1025 798 1084 est
820 1039 828 1084 ε

197 1188 292 1250 Cuius
308 1188 444 1272 auspicio
458 1189 554 1249 classe
572 1188 726 1270 procincta
740 1187 843 1270 opima
857 1189 953 1270 spolia
968 1188 1141 1272 capiuntur,
1161 1189 1225 1250 Ioui
1241 1191 1328 1250 Fere-

156 1296 214 1357 trio
235 1296 344 1357 bouem
364 1295 496 1370 caedit03
520 1294 572 1376 qui
587 1294 677 1376 cepit,
699 1293 778 1355 aeris
799 1316 849 1355 ecc
866 1293 967 1356 darier
981 1309 1133 1377 oporteat;
1157 1295 1329 1357 secanda2

156 1403 264 1486 spolia,
281 1403 313 1463 in
327 1403 434 1463 Martis
447 1424 533 1464 aram
549 1403 581 1462 in
595 1423 703 1484 campo
718 1401 908 1476 solitaurilia,
926 1414 995 1462 utra
1011 1402 1154 1478 uoluerit,
1172 1403 1325 1466 caedito...

207 1566 393 1637 Praeterea
423 1564 458 1644 in
494 1565 670 1636 Oscorum
699 1577 733 1635 et
760 1563 982 1636 Umbrorum
1011 1589 1196 1653 sermone,
1224 1563 1326 1636 cuius

157 1714 272 1786 pauca
299 1688 415 1761 adhuc
439 1688 614 1760 habemus
642 1687 831 1784 exempla,
860 1688 1103 1785 gerundiuum
1129 1687 1324 1778 inuenitur,

158 1839 232 1887 non
256 1813 475 1911 gerundium
492 1813 517 1884 ³.

192 2133 215 2182 t.
237 2133 276 2181 De
292 2144 386 2182 earum
401 2131 509 2194 origine
524 2133 551 2181 et
564 2131 741 2194 antiquitate,
758 2145 786 2179 v.
808 2129 927 2188 matam),
949 2131 1049 2182 Textes
1063 2131 1098 2182 de
1112 2131 1198 2185 Droit
1209 2135 1329 2186 romain

157 2207 258 2269 (Paria,
275 2207 352 2268 1890),
369 2221 398 2271 p.
417 2208 431 2257 3
449 2220 489 2270 sq.
586 2271 587 2282 γ

160 2295 418 2434 ptbsscaibandum
440 2296 551 2346 uidetur
572 2294 732 2360 sequenda,
756 2295 793 2346 et.
816 2295 953 2352 Lutum,
982 2294 1040 2346 The
1064 2296 1140 2348 tatia
1161 2297 1332 2366 tanquam,

191 2462 216 2510 3.
238 2462 369 2516 Lutum,
387 2460 407 2511 l.
428 2460 448 2512 l.
466 2474 496 2523 p.
513 2461 585 2534 543...
602 2461 680 2512 Osc..
697 2459 867 2512 trttbt'tm...
884 2459 1056 2523 ttpsanrtam
1073 2460 1175 2520 dotted,
1189 2463 1330 2518 domum...

161 2536 329 2600 operandam
342 2535 437 2598 dedit;
456 2535 556 2589 Umbr.
566 2574 587 2586 ..
607 2537 719 2588 esoatr.
729 2573 750 2588 ..
766 2536 870 2600 popter
883 2537 1042 2600 anserener
1054 2539 1080 2588 et
1096 2549 1179 2589 ocrer
1191 2540 1330 2605 pthaner,

161 2613 291 2662 saeris...
310 2612 408 2676 populi
426 2613 638 2663 circumferendi
652 2617 680 2663 et
692 2613 765 2664 arcis
781 2610 913 2676 piandae.
