3534 5342
436 579 476 639 32
725 587 768 632 un
794 585 982 634 cenuunrvr
1010 585 1076 632 usu
1098 585 1314 632 nacnnnoae

437 811 520 884 huic
540 837 683 912 quoque
709 811 829 886 decori
858 811 1053 900 offecisset3
1089 811 1241 909 29·10·b
1269 825 1415 909 propter
1444 809 1610 882 crebrius

437 952 479 1000 eo
508 952 604 1000 anno
637 927 681 1000 de
716 927 813 1000 caelo
847 927 1075 1026 lapidatum3
1116 927 1191 1000 Cic.
1231 925 1348 1000 Acud.
1391 952 1472 999 1.ro
1512 927 1610 997 lnter

437 1057 531 1116 reete
551 1044 699 1142 foetum
731 1057 765 1116 et
788 1055 991 1142 peccatum,
1021 1042 1181 1116 officium
1210 1055 1245 1114 et
1273 1055 1396 1114 contra
1430 1041 1605 1128 officium,

436 1159 554 1231 media
568 1158 708 1232 locabat
722 1159 932 1256 quaedam.)
947 1159 1060 1230 Cuius
1073 1185 1160 1230 usus
1175 1157 1447 1231 similitudinem
1462 1157 1605 1243 imitati,

436 1274 542 1348 etiam
563 1273 690 1372 insecti
708 1274 937 1372 participium
958 1273 1120 1346 absolute
1139 1273 1392 1363 adhibuerunt,
1410 1272 1609 1370 eademque

437 1390 575 1463 ratione
588 1415 630 1462 eo
644 1390 680 1460 in
697 1391 854 1463 ablatiuo
871 1391 1028 1489 primum
1042 1415 1142 1482 0000,
1158 1415 1199 1462 ac
1214 1415 1356 1487 semper
1370 1388 1421 1462 ibi
1433 1389 1605 1477 maxime,

436 1531 492 1578 usi
513 1519 609 1578 sunt.

485 1639 590 1733 Quod
618 1639 731 1738 igitur
756 1656 810 1713 est
827 1641 873 1713 ad
892 1639 1080 1740 auspicato
1097 1639 1259 1738 auspicio
1278 1639 1405 1735 (Naev.
1429 1666 1487 1738 ap.
1509 1641 1605 1712 Non.

438 1757 531 1854 7.5.)
550 1755 754 1829 absolutum
774 1755 963 1855 auspicato
977 1761 1016 1850 (·=
1032 1755 1094 1828 ubi
1114 1756 1338 1856 auspicatum
1357 1761 1421 1849 est)
1440 1756 1535 1828 idem
1555 1769 1610 1827 est

436 1871 590 1969 adsutis
600 1870 735 1968 sanclis
757 1871 845 1966 (Cic.
878 1871 966 1944 Diu.
995 1872 1092 1966 1.31)
1113 1871 1318 1944 absolutum
1327 1871 1452 1971 fundo
1474 1870 1603 1968 (Plaut.

436 1987 570 2086 Amph.
589 1987 672 2073 588,
690 1986 797 2085 Epiri.
817 1988 901 2084 bpb,
918 1989 1017 2082 cet),
1033 1987 1069 2059 id
1082 2001 1135 2059 est
1144 1986 1230 2059 dum
1245 1987 1379 2059 dicitur
1386 2013 1395 2076 3
1414 2011 1505 2085 quae
1516 1986 1608 2058 ratio

437 2105 530 2175 inter
553 2102 630 2175 luto
653 2103 732 2200 lepe
761 2116 796 2175 et
819 2102 1025 2176 absolutum
1046 2102 1134 2193 luto,
1158 2102 1282 2174 eadem
1306 2103 1492 2175 intercedit
1515 2101 1609 2173 inter

355 2221 360 2231 '
429 2219 750 2317 serundofructu‚
768 2233 801 2291 et
817 2217 1021 2291 absolutum
1031 2217 1212 2315 secunde,
1229 2218 1265 2288 in
1284 2219 1350 2290 hoc
1365 2218 1513 2290 Catonis
1529 2217 1608 2289 loco

440 2335 529 2430 (Ap.
553 2333 646 2406 Cult.
676 2334 780 2422 b.2):
819 2360 838 2404 n
848 2332 1015 2431 serundo
1033 2334 1149 2406 orbor
1169 2333 1364 2433 peribit»,
1389 2334 1426 2406 id
1451 2349 1505 2406 est
1522 2332 1608 2406 dum

427 2452 561 2550 fertur
588 2449 648 2540 (cl.
679 2449 766 2544 itur)
792 2451 899 2523 arbor
918 2449 1061 2548 peribit.
1090 2450 1210 2522 Potuit
1239 2475 1323 2521 sane
1344 2449 1414 2522 dici
1442 2476 1461 2519 t<
1476 2450 1609 2548 ferens

438 2565 553 2637 orbor
561 2563 744 2664 peribit»,
757 2564 819 2636 sed
833 2564 990 2638 ablatiuo
998 2565 1166 2665 serundo
1181 2564 1309 2638 melius
1326 2590 1437 2638 00000
1452 2565 1609 2637 indicata

436 2696 502 2770 est,
533 2707 596 2753 cur
632 2681 789 2778 peritura
816 2697 921 2754 esset.
959 2681 1123 2780 Denique
1150 2683 1247 2785 quod
1288 2693 1342 2753 est
1379 2681 1423 2753 ad
1462 2681 1608 2753 Terenti

437 2795 549 2892 (And.
585 2798 671 2892 685)
701 2822 751 2868 »z
784 2797 972 2870 Inuentum
999 2797 1132 2870 curabo
1156 2811 1262 2895 atque
1290 2795 1483 2869 adductum
1503 2809 1606 2870 tuum
1652 2879 1656 2890 .

438 2913 726 3011 Pamphilum»,
751 2912 838 2985 illud
864 2912 979 2986 Plauti
995 2913 1146 3012 (Amph.
1177 2915 1260 3006 505)
1287 2939 1294 2984 :
1327 2912 1483 2984 «Citius
1511 2913 1610 3010 quod

438 3054 508 3099 non
539 3031 651 3127 sacto
679 3042 733 3101 est
766 3053 852 3100 usus
885 3027 926 3099 fit
959 3054 1067 3126 quam
1106 3028 1203 3126 quod
1225 3029 1336 3126 sacto
1362 3042 1416 3100 est
1446 3053 1607 3125 opus»,

438 3144 531 3216 idem
561 3157 613 3216 est
641 3144 685 3216 ad
716 3142 809 3215 Tulli
828 3146 922 3231 (Ate
953 3145 1061 3225 8.5):
1091 3170 1110 3214 r<
1129 3143 1355 3242 Fasciculum
1377 3143 1485 3216 uelim
1505 3167 1609 3216 cures

438 3260 593 3332 adeum
622 3258 911 3358 perferendum,
953 3287 971 3331 ))
1010 3259 1095 3332 illud
1131 3259 1291 3331 eiusdem
1330 3259 1422 3346 (An.
1469 3259 1567 3354 143)
1598 3286 1606 3330 τ
1676 3345 1684 3362 Ι

440 3400 459 3444 n
477 3375 632 3466 Quintus
660 3376 704 3447 de
730 3375 876 3447 emendo
901 3375 987 3446 nihil
1009 3389 1108 3447 curat
1138 3375 1205 3446 hoc
1224 3390 1385 3472 tempore
1405 3403 1439 3447 a.
1465 3374 1609 3447 Scilicet

437 3490 656 3587 gerundium
670 3489 822 3588 (sande,
832 3490 1007 3588 serenda,
1024 3490 1186 3585 emendo)
1206 3490 1294 3562 nihil
1314 3503 1367 3562 est
1388 3490 1458 3562 nisi
1475 3516 1610 3587 gerun-

438 3605 563 3677 diuum
595 3597 672 3677 sine
701 3606 879 3698 subiecta,
910 3632 973 3679 seu
1009 3607 1316 3704 impersonaliter,
1355 3620 1395 3679 ut
1428 3605 1553 3678 dicunt
1572 3607 1605 3681 ¹,

439 3738 665 3818 usurpatum.

487 3855 525 3950 6)
552 3855 621 3927 Sed
654 3854 722 3927 hoc
750 3855 858 3927 modo
888 3855 1150 3953 gerundinum,
1179 3881 1250 3928 non
1276 3870 1417 3928 tantum
1450 3855 1606 3928 ablatiuo

438 3995 536 4060 0000,
557 3971 623 4042 etsi
651 3971 809 4067 primum
828 3985 867 4042 ut
891 3972 1020 4068 opinor
1044 3996 1203 4061 000000,
1226 3986 1319 4044 certe
1339 3971 1550 4069 saepissime
1560 3984 1606 4042 «ut

439 4101 672 4158 monumenta
688 4101 863 4159 testantur
880 4087 1143 4184 antiquissima,
1164 4088 1227 4160 sed
1243 4087 1320 4159 aliis
1336 4086 1443 4160 etiam
1464 4087 1606 4160 casibus

438 4201 644 4273 adhibetur:
663 4200 802 4275 initium
817 4201 971 4292 dicendi,
987 4202 1175 4275 scribendo
1185 4202 1322 4292 edesse,
1332 4201 1427 4275 inter
1434 4228 1607 4302 papnun-

437 4316 535 4390 dum.
569 4318 674 4389 Caret
701 4331 821 4390 tamen
850 4318 1069 4415 gerundium
1101 4318 1336 4408 nominatiuo,
1367 4332 1474 4417 atque
1499 4319 1605 4391 etiam

471 4670 495 4719 t.
514 4669 564 4725 Qui
589 4669 698 4718 dicendi
717 4669 813 4718 modus
831 4683 928 4732 parum
946 4669 1013 4719 mihi
1031 4669 1142 4732 placet:
1161 4683 1224 4719 nam
1253 4671 1287 4720 de
1304 4684 1424 4734 persona
1449 4671 1535 4722 uerbi
1560 4672 1604 4735 agi

439 4747 541 4805 potest,
559 4743 744 4805 gerundiuum
768 4747 860 4793 autem
885 4757 946 4793 cum
971 4757 1081 4794 nomen
1104 4746 1605 4809 1110010050οω001000001105010

440 4817 486 4879 qui
504 4818 619 4880 possit?
645 4819 711 4880 Ipsa
738 4831 804 4866 uero
833 4818 920 4867 uerba
949 4831 1020 4879 quae
1040 4819 1240 4882 impersonalia
1252 4821 1358 4878 dicunt,
1389 4824 1479 4886 magis
1508 4825 1605 4874 tertiae

440 4904 576 4953 personae
593 4895 669 4941 sunt.
691 4892 745 4941 Sed
759 4892 794 4941 ad
808 4893 1001 4955 quaestionem
1014 4893 1169 4945 institutam
1184 4897 1263 4958 parui
1280 4895 1375 4947 refert.
