3534 5342
431 555 471 614 30
712 563 756 608 nr
781 560 971 610 ornunmvi
999 561 1065 608 usu
1090 561 1307 610 ascensione

434 787 569 880 infecti,
588 800 624 860 ut
639 813 704 861 nos
724 801 907 886 putamus.
926 786 1011 859 Ideo
1025 786 1136 878 enim,
1153 800 1192 859 ut
1210 787 1376 885 exemplo
1391 786 1612 886 proposito¹

434 919 528 994 utar,
544 903 699 976 aetiuam
717 903 809 977 hane
826 901 1039 976 sententiam
1056 928 1075 973 ‹<
1092 903 1225 975 mulum
1243 903 1450 1001 opprimere
1463 917 1613 974 susten-

432 1031 551 1092 tantes
566 1045 610 1092 oe
620 1019 850 1118 prolutontes
865 1043 935 1092 non
944 1043 1150 1117 possumus,
1159 1019 1285 1091 Cicero
1295 1017 1440 1116 passiue
1454 1019 1612 1091 reddere

435 1135 550 1233 potuit
574 1149 611 1208 ut
641 1133 720 1207 fecit
744 1135 841 1232 (Cot.
859 1161 907 1206 iv.
934 1133 1010 1224 3.6,
1038 1133 1172 1207 mulum
1192 1133 1355 1232 opprimi
1369 1133 1612 1206 sustentando

433 1277 477 1324 uo
498 1233 725 1349 prolatondo
746 1249 844 1322 nullo
873 1249 977 1323 modo
998 1253 1151 1349 potest),
1180 1249 1276 1349 quod
1298 1250 1611 1347 quemadmodum

433 1378 673 1439 sustentantes
693 1391 734 1438 ao
745 1364 990 1465 prolutuntes,
1011 1366 1062 1439 sio
1076 1364 1309 1438 sustentando
1328 1390 1369 1437 ao
1376 1365 1611 1464 prolatando

434 1481 621 1580 partieipia
646 1481 773 1580 inseett'
789 1481 922 1578 pariter
938 1494 1035 1571 sunt,
1057 1480 1168 1554 altera
1195 1480 1312 1554 actius
1333 1506 1416 1553 cum
1442 1480 1612 1553 subiecto

437 1597 537 1671 uerbi
561 1598 763 1687 coniuncta,
798 1597 909 1670 altera
932 1613 1051 1670 autem
1076 1597 1234 1695 passiua,
1269 1610 1304 1670 et
1328 1597 1504 1686 absoluta,
1540 1622 1612 1668 neo

435 1713 596 1787 subiecto
612 1713 684 1785 ullo
704 1713 862 1802 definita,
880 1713 930 1786 ita
945 1713 1033 1786 utin
1051 1712 1103 1786 eis
1115 1737 1248 1810 penore
1263 1713 1362 1786 uerbi
1377 1713 1441 1785 uix
1455 1738 1612 1810 eompa-

434 1842 549 1920 rente‚
571 1829 712 1927 possint
724 1854 807 1901 cum
826 1827 1014 1927 participio
1025 1828 1231 1928 proesentis
1248 1829 1451 1927 comparari
1469 1828 1612 1926 aliqua-

435 1959 562 2034 tenus,
596 1959 631 2017 et
662 1969 744 2017 cum
777 1970 819 2017 eo
853 1944 889 2015 in
920 1945 1044 2018 eadem
1077 1945 1254 2017 sententia
1286 1944 1460 2017 adhiberi.
1499 1944 1611 2036 Quod

436 2060 581 2158 quidem
609 2060 654 2132 ab
681 2059 941 2159 antiquissimis
975 2059 1210 2158 scriptoribus
1238 2058 1301 2132 uix
1335 2073 1396 2133 aut
1417 2085 1610 2159 nunquam

436 2175 651 2250 factumest.
669 2176 740 2249 Sed
758 2176 847 2249 haee
864 2177 1048 2249 hactenus.

485 2311 708 2384 Gerundium
729 2311 841 2408 igitur
855 2335 971 2409 neque
988 2311 1107 2408 ipsum
1128 2310 1303 2384 actionem
1326 2310 1523 2407 gerendam
1543 2323 1609 2382 aut

435 2426 592 2498 futuram
611 2426 793 2524 exprimit,
822 2451 937 2524 neque
957 2452 1002 2498 ex
1021 2452 1063 2498 eo
1083 2426 1285 2523 gerundiuo
1304 2425 1401 2524 quod
1427 2425 1606 2498 eiusmodi

437 2542 612 2614 actionem
635 2542 827 2640 exprimat,
861 2542 989 2632 oritur,
1025 2567 1141 2640 neque
1169 2542 1372 2639 gerundiuo
1403 2541 1504 2639 prius
1535 2555 1604 2612 est.

436 2659 562 2730 Restat
574 2671 612 2730 ut
626 2658 808 2731 diuersam
821 2658 867 2730 ab
882 2683 924 2731 eo
939 2657 1115 2756 originem
1126 2657 1269 2749 habeat,
1284 2659 1400 2731 autab
1415 2682 1457 2730 eo
1471 2683 1607 2756 gerun-

436 2773 534 2863 diuo,
556 2774 653 2872 quod
668 2799 740 2846 non
761 2775 938 2847 actionem
957 2774 1136 2872 agendam
1157 2787 1219 2846 aut
1236 2773 1393 2846 futuram
1409 2769 1602 2871 exprimat,

437 2903 586 2961 oriatur.
1177 2903 1179 2908 '

467 3023 555 3095 ,Sed
572 3024 616 3096 de
631 3023 769 3121 origine
791 3023 1019 3122 agerundiui
1039 3023 1181 3097 diuersa
1197 3023 1258 3095 uix
1279 3023 1338 3120 agi
1361 3036 1488 3121 potest.
1511 3023 1603 3094 Nam

437 3138 613 3212 eiusmodi
631 3165 722 3237 quae
737 3140 894 3212 maxime
910 3139 1043 3212 arridet
1061 3139 1250 3229 sententia,
1271 3165 1292 3210 a
1309 3141 1354 3212 V.
1373 3139 1498 3236 Henry
1518 3163 1605 3235 pro-

438 3253 585 3350 posita²‚
606 3280 650 3327 ne
667 3255 745 3351 ipsa
761 3255 906 3353 quidem
922 3255 1122 3328 necessaria
1137 3269 1205 3345 est,
1221 3255 1291 3327 nisi
1307 3254 1423 3344 fallor,
1439 3279 1504 3326 nee
1519 3254 1605 3326 satis

437 3370 542 3441 firmo
566 3369 797 3443 fundamento
821 3370 958 3443 nititur.
996 3371 1113 3462 Quam
1142 3371 1193 3443 sio
1222 3369 1417 3443 Lebreton³
1436 3369 1544 3442 refert
1563 3395 1604 3441 ao

438 3486 570 3558 laudat.
592 3511 610 3556 «
625 3487 725 3559 Cette
740 3487 938 3584 hypothese
953 3491 1017 3578 (so.
1035 3489 1312 3576 *sternomenos
1326 3487 1600 3574 *sternomedos

439 3603 669 3691 *sernondOS‚
687 3604 933 3697 sternendus),
951 3602 1086 3675 admise
1100 3628 1190 3701 pour
1205 3601 1379 3700 l'adjeotif
1390 3627 1434 3673 en
1451 3601 1600 3690 -uno'us‚

438 3719 488 3789 Μ.
512 3720 636 3816 Henry
662 3743 816 3815 propose
833 3717 1047 3791 d’identifier
1070 3718 1114 3791 de
1135 3721 1250 3790 meme
1271 3717 1304 3790 le
1325 3716 1495 3814 gerondif
1511 3741 1555 3788 en
1572 3717 1603 3787 le

440 3834 680 3931 rapproohant
703 3835 746 3906 de
775 3833 949 3905 t’infinitit
977 3859 1021 3906 en
1054 3860 1188 3930 -μεναι;
1224 3859 1272 3905 un
1292 3832 1463 3930 gerondif
1478 3829 1607 3904 -nendi

440 3949 600 4048 pourrait
619 3949 709 4022 ainsi
729 3953 951 4047 representer
976 3949 1343 4046 *nemeni=n'1penut.
1366 3949 1416 4021 Co
1437 3973 1603 4020 nouveau

439 4065 738 4162 rapproohement
753 4079 806 4137 est
820 4070 892 4137 tres
918 4064 1045 4138 feoond
1070 4090 1114 4137 en
1144 4067 1410 4162 consequendos
1439 4063 1605 4136 semanti-

442 4207 530 4279 ques
546 4194 580 4253 et
595 4180 915 4279 morphologiques
933 4207 941 4270 ;
974 4179 1067 4252 ainsi
1087 4179 1286 4278 s'explique
1304 4179 1336 4252 le
1352 4205 1435 4266 sens
1452 4178 1540 4252 aetii
1558 4178 1605 4250 du

442 4296 613 4393 gerondif
633 4301 653 4367 a
680 4299 758 4368 cote
783 4297 832 4369 du
855 4321 938 4368 sens
966 4295 1079 4394 passii
1097 4295 1140 4368 de
1159 4294 1333 4394 l'adjeotif
1348 4321 1393 4368 en
1421 4294 1547 4384 -ndus,
1571 4308 1603 4366 et

473 4637 497 4685 t.
518 4639 720 4696 Wmswmumt,
741 4637 762 4687 t.
783 4637 804 4687 t.
820 4651 847 4699 p.
867 4638 921 4688 tot.

444 4715 504 4836 p2'·
522 4714 878 4838 Viggrunrpfisssquisses
907 4716 1180 4781 morphotooz'ques‚
1209 4733 1238 4770 v.
1269 4719 1309 4770 tes
1330 4719 1477 4783 infinitifs
1500 4720 1601 4772 tatius.

467 4801 532 4841 aris,
613 4801 665 4849 ,p.
719 4822 724 4835 .

475 4865 500 4914 3.
522 4866 681 4922 Luensrou,
700 4865 722 4916 l.
744 4865 766 4917 t.
785 4867 866 4930 adp.
887 4867 911 4918 t.
