3534 5342
457 543 495 602 12
746 551 791 595 nu
816 549 1005 598 ouuuuorm
1029 553 1066 600 vr
1090 551 1327 617 tuuourssrm

456 659 666 672 -n——afl--u—-a

454 775 584 866 tiunt¹,
617 775 867 850 retransitiuae
902 777 961 850 alii
1000 778 1113 868 aiunt,
1149 777 1209 851 atii
1241 793 1389 878 negant.
1425 781 1521 852 Inter
1554 780 1624 854 hos

454 892 588 964 eminet
607 893 774 982 Perssou,
791 893 894 965 cuius
910 894 1032 984 uerba,
1051 895 1180 967 cumei
1196 895 1361 967 assentiri
1381 921 1454 968 non
1469 897 1621 994 possim,

453 1006 587 1079 referre
620 1007 732 1080 iuuat.
756 1008 852 1080 Dicit
870 1008 964 1081 enim
983 1035 991 1081 ε
1026 1011 1187 1082 «Exstat
1204 1024 1324 1084 tamen
1345 1010 1461 1083 actiua
1478 1012 1625 1108 siguifi-

455 1123 547 1196 catio
557 1122 594 1194 iu
610 1149 680 1195 una
692 1123 830 1220 priscae
842 1137 947 1197 notae
961 1124 1090 1214 forma,
1103 1125 1184 1199 dico
1191 1125 1365 1199 secundus
1373 1126 1623 1224 (*sequondos)

455 1238 600 1336 proprie
626 1264 645 1308 r<
663 1238 810 1336 folgend
829 1267 864 1328 u,
892 1265 1009 1339 neque
1027 1240 1221 1314 admodum
1241 1241 1436 1315 uerisimile
1455 1257 1509 1314 est
1529 1242 1625 1315 hanc

454 1355 609 1428 actiuam
631 1354 932 1452 significationem
962 1381 982 1428 e
1009 1356 1180 1429 ressexiua
1209 1357 1364 1457 quadam
1388 1358 1504 1452 (uelut
1526 1358 1624 1456 «qui

453 1469 666 1568 iungitur»,
689 1469 734 1543 cf.
756 1470 999 1562 Weisweiler‚
1028 1499 1064 1571 p.
1095 1473 1171 1566 55),
1194 1486 1313 1545 natam
1342 1498 1433 1546 esse.
1460 1473 1624 1546 Verbum

453 1586 550 1658 enim
563 1586 660 1684 quod
672 1599 725 1659 est
739 1585 856 1685 sequi,
874 1587 945 1659 iam
958 1587 1047 1660 ieur.
1061 1601 1175 1661 aetate
1190 1588 1345 1661 aetiuam
1364 1588 1439 1662 uim
1453 1588 1624 1662 habuisse

454 1700 595 1774 uidetur
611 1700 671 1797 (cf.
689 1727 824 1774 sauscr.
842 1706 965 1775 edocte
980 1721 1016 1750 =
1035 1729 1093 1800 gr.
1116 1704 1247 1794 ἕπεται).
1267 1733 1285 1776 »
1299 1704 1403 1776 Haec
1422 1705 1591 1777 Persson²
1612 1732 1621 1777 z

455 1843 524 1915 ego
535 1803 628 1890 'uero
644 1817 972 1891 auctoritate'uisus
988 1818 1148 1892 uirorum
1168 1819 1471 1910 doctissimorum,
1493 1845 1625 1893 censeo

453 1933 659 2005 eressexiua
682 1959 744 2006 seu
761 1933 988 2006 retransitiua
1007 1934 1271 2032 significatione
1290 1960 1368 2007 esse
1385 1950 1501 2008 ortam
1521 1935 1623 2006 illam

455 2074 563 2147 quam
579 2048 736 2122 uotiuum
752 2049 887 2122 dicunt.
905 2049 998 2121 Nam
1012 2050 1171 2123 eiusdem
1186 2050 1310 2148 stirpis
1325 2075 1403 2123 esse
1418 2059 1512 2141 ἕπειν,
1527 2050 1625 2124 uude

455 2173 581 2262 ἕπομαι,
605 2173 764 2263 ἑπόμενος,
791 2179 826 2238 et
852 2190 999 2263 sequor,
1027 2166 1123 2238 unde
1150 2166 1338 2256 secundus,
1359 2145 1477 2239 'nemo
1509 2167 1625 2239 nescit

454 2279 756 2378 etymologorum,
767 2281 830 2354 sed
840 2280 908 2353 hoc
916 2305 998 2353 cum
1014 2295 1163 2372 constet,
1179 2280 1266 2355 illud
1275 2282 1382 2354 etiam
1393 2282 1625 2355 animaduer-

454 2396 601 2469 tendum
618 2413 684 2487 est,
702 2397 894 2495 quodcum
910 2395 956 2468 sit
975 2405 1055 2468 ἕπειν
1074 2398 1301 2472 transitiuum
1323 2399 1486 2492 (Homer.
1511 2397 1618 2469 6321

455 2518 535 2582 ἕπειν
573 2514 720 2608 τεύχεα),
761 2520 894 2608 ἕπομαι,
931 2520 1075 2609 ἑπόμενος
1104 2513 1317 2586 reflexiutlm
1356 2527 1430 2603 est,
1471 2512 1624 2612 ideoque

454 2625 722 2701 intransitiuum
739 2631 877 2723 (ἕπεσθαί
891 2627 964 2725 τινι)
978 2626 1003 2700 ³.

501 2762 550 2832 Ar
568 2786 666 2851 uero,
691 2787 773 2834 cum
800 2762 847 2835 sit
866 2787 1000 2861 sequor
1018 2762 1262 2853 transitiuum,
1288 2763 1464 2836 secundus
1481 2761 1622 2834 intran-

454 2877 601 2950 sitiuum
618 2889 790 2949 remanet.
811 2879 933 2976 ltaque
949 2877 1011 2977 qui
1026 2879 1227 2977 comparari
1244 2891 1361 2975 potest
1374 2903 1522 2976 sequor,
1539 2902 1624 2950 cum

455 3000 583 3089 ἕπομαι,
603 2999 777 3064 secundus
801 3017 882 3064 cum
906 2993 1078 3089 ἕπόμενοςῩ
1103 2993 1165 3092 qui
1184 2993 1254 3066 dici
1280 3006 1411 3091 potest,
1438 2993 1535 3090 quod
1554 3017 1624 3064 nos

453 3107 620 3197 dicimus,
631 3106 805 3199 secundus
819 3133 897 3180 esse
911 3107 1138 3207 participium
1149 3108 1360 3181 ressexiuum
1375 3133 1457 3181 cum
1474 3107 1625 3180 minime

452 3219 664 3292 reflexiuum
684 3220 836 3292 uerbum
856 3244 990 3316 sequor
1011 3219 1073 3292 sed
1087 3219 1331 3310 transitiuum,
1351 3211 1547 3292 uideatur?

502 3352 661 3426 Soluitur
680 3352 885 3444 difficultas
903 3352 933 3424 si
951 3352 1032 3451 quis
1050 3378 1143 3451 quae
1162 3353 1208 3426 sit
1229 3378 1313 3425 uere
1335 3352 1389 3425 uis
1408 3351 1621 3442 trausirica,

455 3483 490 3542 et
514 3469 608 3541 uude
629 3469 810 3541 interdum
836 3467 985 3558 oriatur,
1013 3467 1278 3541 animaduertit.
1305 3467 1429 3566 Neque
1454 3467 1551 3539 enim
1574 3467 1624 3540 ab

344 3581 349 3592 '
453 3585 556 3657 initio
567 3584 664 3656 illam
682 3609 789 3682 quam
800 3583 974 3681 fingimus
988 3582 1059 3660 uim
1073 3581 1307 3656 tronsr'tiuom
1318 3582 1486 3655 omnibus
1502 3581 1623 3656 uerbis

454 3699 607 3773 maiores
630 3699 742 3772 nostri
765 3699 1004 3772 addiderunt:
1030 3698 1103 3772 imo
1127 3698 1238 3771 fuisse
1263 3712 1406 3796 tempus
1428 3697 1623 3795 opinantur

454 3932 1194 3944 ...——-—-—--—-.--——-.-.-——-—.-.

487 4084 510 4134 1.
529 4082 578 4140 Qui
592 4087 704 4144 negant,
719 4085 750 4132 ut
764 4080 946 4138 Weisweiler,
963 4080 1026 4130 ideo
1041 4085 1145 4144 negant
1158 4080 1336 4145 quodeodem
1348 4093 1433 4131 sensu
1446 4080 1623 4133 «activum»

454 4163 536 4222 atque
552 4175 564 4206 a
583 4158 780 4209 transiturum
799 4176 811 4201 »
828 4157 980 4220 accipiunt.
1012 4156 1086 4206 Dicit
1113 4157 1187 4206 enim
1208 4158 1410 4214 Wurswuurrt,
1429 4170 1456 4206 0.
1481 4171 1506 4209 c.
1527 4171 1556 4221 p.
1577 4159 1620 4209 55.

454 4252 466 4281 a
484 4234 617 4285 Derselbe
633 4232 718 4296 (Petu
734 4232 872 4284 bomerkt.
882 4269 903 4280 ..
925 4233 970 4282 die
983 4232 1149 4296 Bedeutung
1162 4245 1216 4282 von
1229 4233 1380 4283 oriundus
1396 4233 1436 4282 sei
1452 4233 1529 4284 nieht
1545 4233 1625 4282 mehr

455 4310 530 4359 aetiv
546 4308 588 4358 als
609 4308 654 4359 die
673 4321 727 4357 von
746 4309 835 4364 orior,
851 4321 908 4356 was
926 4307 982 4370 eig.
1008 4309 1035 4357 ia
1054 4320 1109 4358 von
1128 4308 1177 4358 dor
1194 4307 1482 4372 Rossexivbedeutung
1498 4309 1622 4371 ausgehe

455 4387 478 4447 tu
496 4384 558 4435 sich
576 4383 695 4434 erheben
711 4401 723 4430 »
741 4383 799 4445 vgl.
825 4385 938 4446 ortus);
957 4383 1086 4433 desselbe
1099 4383 1173 4445 gelto
1187 4396 1241 4432 von
1260 4383 1342 4433 unda
1355 4382 1487 4434 labenda
1498 4387 1521 4445 (u
1536 4383 1624 4433 dahin

451 4459 574 4524 gleitend
595 4477 606 4506 »
631 4472 685 4508 von
712 4457 781 4520 labit
801 4457 858 4507 und
880 4458 959 4508 nicht
987 4458 1094 4508 minder
1121 4472 1175 4508 von
1199 4458 1357 4516 secundus,
1388 4459 1438 4509 das
1464 4460 1543 4510 nicht
1569 4460 1624 4510 wie

453 4548 578 4600 sequens
592 4536 637 4585 dic
654 4534 771 4585 Rection
789 4535 866 4584 eines
883 4547 937 4584 von
951 4535 1008 4584 ihm
1026 4534 1205 4598 abhangigen
1221 4535 1313 4584 Kaous
1330 4535 1469 4584 zulasse.»

483 4625 508 4674 2.
529 4626 669 4684 Perseos,
685 4624 705 4675 1.
724 4636 752 4673 ο.
770 4637 801 4687 p.
822 4624 862 4674 93.

483 4717 509 4766 3.
531 4712 640 4769 Batai,
657 4711 745 4764 Essai
766 4711 803 4762 de
819 4711 1019 4774 semotique,
1042 4725 1071 4774 p.
1095 4713 1162 4772 2¹73
1185 4713 1387 4767 Wsrswumuu,
1418 4724 1445 4762 o.
1472 4724 1498 4762 c.
1526 4726 1556 4776 p.
1577 4713 1625 4774 55;

453 4790 571 4839 Bauer.
594 4786 799 4839 Dictioanaire
824 4799 902 4850 pree.
929 4787 989 4837 Hoc
1007 4786 1164 4836 addendum
1188 4786 1298 4836 uidetur
1319 4785 1393 4849 quod
1419 4787 1480 4850 ipse
1501 4787 1622 4837 Persson

454 4865 597 4927 comparat
608 4863 745 4927 sequitur
757 4874 820 4914 cum
833 4860 929 4913 secate
946 4863 973 4912 et
983 4862 1066 4912 ἕπεται
1078 4877 1084 4911 :
1098 4865 1126 4912 at
1138 4861 1220 4913 ἕπεται
1232 4862 1294 4926 quis
1306 4864 1391 4925 negat
1405 4861 1526 4913 medium
1538 4876 1599 4913 erse
1611 4867 1623 4912 ¹?
