3534 5342
444 588 483 649 10
737 596 782 642 nu
808 595 999 644 cununnrm
1024 597 1060 643 v1
1086 595 1322 661 Annourssmn

443 818 547 891 Varr.
580 821 624 892 L.
656 821 699 892 L.
735 847 783 911 vr,
819 847 874 910 11,
908 821 1151 914 tabescamus
1179 822 1277 894 Lact.
1294 821 1352 894 De
1368 847 1415 894 m.
1427 835 1605 920 persecut.

443 961 570 1026 xxxin,
595 961 629 1032 9.

493 1051 566 1123 lam
603 1077 687 1125 uero
720 1051 835 1125 Plauti
869 1078 934 1126 noc
959 1052 1181 1152 pereundus,
1212 1079 1277 1127 uec
1298 1052 1513 1153 placandus,
1544 1077 1610 1124 nec

443 1166 641 1240 obstandcs
663 1168 699 1238 in
720 1168 894 1240 rationem
914 1169 1091 1242 adducere
1109 1183 1250 1268 oportet
1274 1170 1311 1240 in
1333 1168 1388 1242 his
1415 1167 1607 1241 uersibus:

460 1317 493 1378 Si
505 1316 555 1377 illa
566 1315 621 1378 tibi
632 1317 729 1399 placet
736 1317 900 1399 placendo
916 1319 970 1379 dos
985 1331 1136 1400 quoquest
1150 1341 1242 1402 quam
1258 1319 1310 1380 dat
1322 1318 1377 1379 tibi
1388 1319 1493 1396 (Tria.
1513 1320 1611 1399 1159).

643 1416 774 1476 Haecine
790 1414 843 1476 ubi
864 1416 953 1477 scibit
973 1437 1075 1488 senex,

642 1513 758 1595 Puppis
766 1514 938 1596 pereunda
953 1523 1000 1576 est
1014 1513 1107 1596 probe
1121 1515 1192 1597 (Ep.
1209 1516 1256 1594 73.
1275 1517 1338 1594 74).

493 1647 585 1719 Nam
614 1673 659 1719 ex
684 1646 837 1721 formula
864 1649 1112 1722 necessitatem
1141 1649 1364 1746 exprimente
1386 1647 1611 1748 pereundum

444 1775 508 1852 est,
531 1763 748 1861 placendum
774 1777 839 1852 est,
878 1764 1029 1838 ridiculo
1063 1791 1130 1836 usu
1153 1764 1212 1837 hic
1238 1779 1316 1837 orta
1340 1779 1436 1837 sunt.
1472 1765 1546 1836 lam
1574 1763 1611 1833 in

444 1876 512 1950 hoc
527 1904 652 1951 uersu:
677 1881 824 1951 «Amor
843 1879 1093 1977 ignorandum,
1106 1881 1230 1978 procul
1248 1881 1485 1970 adhibendus
1507 1893 1613 1977 atque

444 1993 687 2084 obstandum),
703 1994 770 2067 hoc
787 1995 986 2068 obstondus
1004 1996 1049 2069 ad
1068 1996 1339 2069 similitudinem
1357 1994 1612 2094 iqnorundust,

445 2108 681 2200 adhibendus,
700 2110 964 2183 conformatum
980 2125 1045 2184 est.
1068 2112 1288 2211 —Denique
1305 2111 1450 2183 nomina
1465 2110 1612 2183 dearum

447 2238 484 2296 ut
509 2224 700 2316 adolendo,
731 2225 975 2316 conmolendo²
1005 2226 1242 2325 coaequanda,
1267 2225 1484 2326 deserenda,
1511 2224 1615 2323 adse-

448 2340 582 2430 runda,
603 2340 812 2431 scribundo,
830 2341 916 2440 quid
930 2342 1137 2444 significent
1151 2368 1222 2415 non
1238 2343 1324 2414 satis
1339 2355 1504 2439 apertum
1519 2353 1572 2413 est
1587 2341 1610 2412 ¹.

495 2456 592 2528 Haec
611 2457 731 2529 omnia
755 2483 838 2529 cum
858 2457 1049 2531 uideantur
1073 2484 1094 2529 a
1113 2459 1335 2557 quaestione,
1357 2471 1397 2529 ut
1417 2456 1614 2529 recentiora
1703 2457 1706 2462 ’

447 2586 508 2643 aut
544 2571 778 2662 obscuriora,
814 2573 1061 2666 remouenda‚
1098 2574 1295 2647 retinemus
1326 2587 1466 2646 tantum
1505 2572 1615 2643 uerba

446 2712 608 2763 summae
644 2688 866 2787 antiquitatis
907 2704 941 2762 et
980 2715 1108 2762 sensus
1147 2689 1365 2787 apertissimi
1398 2702 1566 2786 quattuor
1603 2713 1611 2758 ε
1690 2708 1692 2713 ’

447 2802 638 2895 lobundus,
660 2802 850 2894 oriundus,
871 2804 1057 2894 secundus,
1080 2805 1288 2879 uoluendus

485 2951 671 3014 Labundus.
694 2991 735 2998 -
761 2953 853 3015 Unda
874 2952 932 3014 sub
961 2954 1054 3015 undis
1085 2953 1231 3017 labenda
1256 2953 1338 3014 sonit
1369 2955 1448 3035 (Au.
1476 2951 1613 3014 Ptinict.

447 3049 486 3111 ir.
511 3072 532 3110 r.
555 3071 584 3110 v.
609 3051 676 3129 570.
699 3051 792 3111 Rihh.
817 3073 841 3112 1.
862 3073 895 3133 p.
927 3055 1004 3132 179).

488 3147 665 3210 oriundus
689 3185 727 3198 -
753 3150 778 3210 Ο
800 3157 901 3230 pater,
936 3149 1107 3232 egenum,
1133 3171 1150 3210 0
1184 3171 1324 3232 sanguen
1351 3149 1399 3210 dis
1425 3147 1612 3210 oriundum.

1274 3249 1367 3329 (Eun.
1387 3249 1475 3309 Ann.
1496 3253 1573 3325 117).

492 3342 681 3406 Voluendus¹
709 3379 746 3391 -
766 3344 889 3406 Clamos
909 3345 948 3406 ad
969 3346 1086 3407 caelum
1112 3345 1285 3408 uoluendu'
1300 3367 1354 3428 per
1369 3345 1494 3406 aethera
1515 3343 1611 3424 uagit.

1150 3445 1240 3525 (Eun.
1257 3445 1347 3506 Ann.
1367 3465 1430 3519 xvr,
1445 3465 1475 3505 v.
1491 3442 1573 3522 472).

527 3540 594 3616 Quo
610 3538 772 3600 uoluendo
787 3539 901 3600 micant
913 3541 1028 3602 aeterni
1042 3541 1141 3602 sidera
1157 3542 1266 3602 mundi
1281 3544 1383 3621 (Lucr.
1399 3563 1428 3614 v,
1450 3541 1527 3617 116).

498 3713 500 3717 Ι
527 3637 621 3696 Glans
638 3637 729 3697 etiam
744 3637 836 3718 longo
850 3659 942 3698 cursu
959 3637 1121 3700 uoluendo
1135 3638 1273 3720 liquescit
1290 3639 1345 3718 (ld.
1359 3661 1400 3712 vr,
1417 3639 1495 3718 179).

495 3779 635 3852 Horum
659 3793 778 3852 autem
799 3781 992 3853 uerborum
1013 3781 1079 3854 tria
1100 3782 1306 3878 (lebaudus,
1327 3781 1514 3869 oriundae,
1538 3779 1616 3851 uol-

448 3895 596 3991 uendus)
611 3895 655 3968 ad
669 3895 706 3968 id
720 3921 836 3992 genus
853 3897 1031 3994 pertinent
1046 3923 1137 3996 quae
1152 3923 1234 3970 oum
1248 3897 1423 3969 eiusmodi
1439 3897 1615 3968 actionem

448 4011 652 4108 exprimant
667 4037 775 4108 quam
791 4012 853 4109 qui
865 4012 949 4084 facit
959 4012 1055 4084 idem
1071 4013 1218 4110 patitur,
1236 4013 1394 4085 maxime
1408 4013 1453 4085 ad
1468 4023 1616 4083 retron-

446 4125 621 4199 sin'uam2
656 4126 958 4223 significationem
993 4130 1177 4201 accedunt.
1215 4129 1320 4221 Quod
1357 4127 1464 4200 etiam
1497 4140 1616 4199 noster

447 4266 565 4314 sermo
593 4242 775 4330 admonet,
809 4242 846 4313 in
877 4268 950 4341 quo
976 4244 1155 4316 labundus
1180 4243 1385 4342 quiqlisse,
1408 4256 1470 4315 aut
1494 4242 1618 4340 quise

447 4356 568 4456 plisse,
587 4357 776 4448 oriunduS,
807 4358 874 4456 qui
893 4359 1031 4451 selene,
1058 4360 1230 4450 uertitur3
1256 4372 1291 4432 et
1315 4360 1350 4430 in
1386 4360 1464 4457 ipsa
1491 4357 1616 4430 Latina

482 4680 505 4729 t.
526 4680 566 4728 De
586 4677 689 4740 eisqui
707 4677 811 4740 optime
831 4677 988 4740 disputauit
1004 4677 1126 4727 Persson
1149 4676 1248 4727 abesse
1263 4680 1343 4740 putat
1360 4677 1502 4727 notionem
1519 4687 1616 4726 neces-

449 4754 553 4806 sitatis¹
573 4752 651 4811 Quod
666 4753 700 4802 ad
717 4757 844 4804 nostrum
858 4754 1033 4817 propositum
1052 4754 1121 4802 satis
1139 4756 1191 4804 est.

480 4836 505 4884 2.
526 4833 569 4884 cs.
593 4834 740 4894 erunr,
765 4846 793 4882 o.
825 4845 850 4882 c.
878 4846 906 4895 p.
932 4834 996 4891 1893
1026 4835 1055 4881 et
1082 4833 1216 4884 Graecum
1243 4848 1333 4897 usum,
1360 4829 1388 4882 in
1413 4845 1477 4896 quo,
1501 4845 1529 4881 v.
1558 4843 1617 4894 ga,

450 4905 636 4974 ἐφωρμησάμην
655 4929 683 4946 =
702 4906 861 4973 ἐφωρμήθην-
