3534 5342
526 537 570 581 ns
596 535 785 582 onnnunivr
811 534 962 580 rnuronn
1328 527 1368 587 23

191 761 307 834 uerba
324 785 363 833 ea
380 759 498 845 sunt¹‚
518 783 708 856 uquorum
725 757 827 830 radix
842 756 903 829 aut
921 756 1182 830 terminabatur
1197 757 1232 828 in
1255 785 1276 829 u
1298 760 1365 853 (u),

188 889 257 948 aut
288 875 324 946 in
355 874 478 947 ultima
504 873 642 971 syllaba
675 899 696 944 u
724 873 885 945 uocalem
916 872 1133 962 continebat,
1165 872 1367 945 cuiusmodi

194 1004 308 1063 sunt:
333 1015 502 1087 coquere,
520 988 632 1086 loqui,
655 989 766 1079 luere,
789 989 944 1079 soluere,
964 988 1121 1076 uoluere,
1141 987 1223 1078 alia,
1239 987 1368 1060 deinde

192 1104 394 1196 consulere,
428 1128 591 1194 currere,
621 1101 765 1191 ducere,
795 1127 951 1193 sumere,
985 1101 1051 1192 uti,
1082 1100 1233 1175 fortasse
1260 1103 1366 1175 etiam

182 1222 343 1319 supere,
364 1218 540 1292 tussire.»
562 1218 668 1310 Quod
681 1243 789 1317 quam
806 1217 876 1290 late
891 1230 1023 1314 pateat,
1042 1243 1149 1291 nemo
1165 1243 1238 1290 non
1255 1217 1365 1291 uidet.

191 1337 305 1425 Nam,
351 1333 487 1406 -dndus
529 1360 575 1407 ex
610 1333 743 1406 -dudus
781 1332 999 1430 processisse
1035 1332 1233 1405 doctissimi
1271 1332 1369 1405 uiri²

193 1451 339 1540 docent,
361 1465 396 1523 et
411 1449 578 1546 analogia
596 1449 734 1520 suadet.
756 1449 828 1520 lam
843 1473 929 1520 uero
947 1447 1154 1521 coniunotio
1167 1439 1368 1521 litterarum

195 1593 219 1638 u
260 1579 294 1638 et
335 1593 355 1638 o
387 1549 537 1662 (quuml'
565 1565 736 1636 diuturno
774 1577 937 1661 tempore
974 1564 1183 1635 Latinorum
1221 1564 1368 1637 auribus

196 1681 381 1778 displicuit
401 1680 426 1751 3.
459 1681 556 1752 Haeo
583 1704 665 1751 oum
706 1680 755 1751 ita
784 1679 876 1767 sint,
909 1678 1012 1750 facile
1038 1679 1183 1776 quidem
1215 1679 1295 1768 luit,
1331 1693 1370 1751 ut

163 1787 166 1791 ⁵
197 1794 434 1893 *repetendus
452 1792 671 1893 repetundus
686 1794 800 1897 lieret,
818 1794 880 1866 sed
896 1792 1118 1866 *uoluoudus
1135 1793 1237 1866 ualde
1252 1794 1370 1892 impe·

200 1911 316 1983 ditum
331 1909 430 1982 lnitl.
449 1910 564 2006 Igitur
583 1934 662 1980 onm
678 1909 884 1981 uoluundus
899 1908 974 1981 fieri
993 1934 1065 1980 non
1082 1922 1215 2005 posset,
1235 1909 1368 1982 factum

120 2105 126 2114 ,
196 2039 251 2098 est
270 2023 481 2114 uoluendus‚
502 2049 584 2096 eum
604 2024 684 2096 aliis
710 2025 753 2096 de
777 2025 908 2113 causis,
930 2037 1007 2096 tum
1031 2024 1200 2113 maxime,
1224 2025 1366 2122 opinor,

199 2138 1371 2239 qnodgerundiuorumin-eudussecundaedeolinationis(ommo-

198 2255 348 2350 uendus)
377 2254 612 2326 similitudine
642 2253 862 2325 trahebatur.
901 2254 953 2324 lta
986 2279 1029 2324 ex
1059 2255 1185 2326 eodem
1217 2253 1371 2326 -dudus

198 2371 291 2444 facta
311 2383 393 2442 sunt
414 2370 556 2441 diuersa
572 2369 748 2466 scriptura
767 2367 958 2457 lebaudus,
977 2382 1011 2440 et
1026 2369 1234 2441 uoluendus.
1256 2371 1370 2467 Igitur

199 2487 231 2558 si
252 2485 297 2557 ab
318 2511 390 2557 uno
413 2483 525 2574 fonte,
553 2483 690 2556 -dndus
716 2484 810 2575 dico,
831 2484 972 2556 diuersa
998 2499 1118 2556 tamen
1136 2485 1207 2575 uia,
1233 2485 1371 2558 -uudus

199 2614 236 2672 et
262 2599 394 2672 -eudus
423 2613 690 2696 processerunt,
712 2624 785 2670 non
812 2612 866 2670 est
893 2599 991 2696 quod
1018 2623 1037 2670 e
1072 2599 1278 2673 diuersitate
1298 2600 1372 2672 lor·

198 2740 363 2804 marum,
400 2739 492 2812 qnae
532 2714 710 2810 posterius
744 2727 821 2785 orta
854 2728 923 2802 est,
964 2739 1092 2786 sensus
1125 2715 1369 2788 diuersitatem

199 2830 435 2929 primitiuam‚
454 2829 595 2928 quaein
612 2828 873 2926 antiquissimis
890 2829 1035 2901 Latinae
1050 2829 1194 2926 linguae
1209 2830 1371 2928 reliquiis

196 2969 269 3018 non
290 2959 487 3042 comparet,
517 2943 746 3040 effingamus

245 3134 368 3230 ltaque
399 3131 445 3202 ab
483 3129 607 3202 ultima
641 3130 851 3228 antiquitate
883 3156 965 3204 cum
999 3130 1037 3201 in
1065 3131 1144 3228 ipsa
1174 3133 1367 3230 gerundini

197 3245 316 3319 forma
344 3246 442 3319 notio
475 3245 685 3344 temporalis
719 3247 864 3344 propria
892 3273 963 3318 non
999 3247 1100 3337 insit,
1137 3248 1200 3320 sed
1232 3247 1368 3346 insecti,

197 3362 351 3460 ideoque
377 3361 585 3459 proesentis
621 3361 802 3433 interdum
836 3362 1031 3460 temporis,
1068 3388 1252 3461 nunquam
1285 3390 1371 3437 uero

231 3623 254 3674 i.
275 3624 482 3681 Hnannuairn,
497 3622 520 3674 t.
542 3623 563 3673 t.
584 3623 671 3674 7.8.9.

228 3704 403 3758 2.L1N1)SAY‚
423 3703 480 3753 the
495 3702 569 3753 tatio
587 3701 756 3765 Lanpuape,
775 3703 889 3761 cb.v111‚
910 3703 970 3769 tlt.
989 3704 1099 3761 Herm,
1118 3704 1277 3759 Me'moires
1290 3709 1326 3759 de
1343 3710 1371 3762 ta

195 3778 310 3832 Sociale
326 3779 361 3827 dc
378 3779 577 3842 liupulsthue
592 3778 627 3828 de
646 3777 743 3838 Paris,
760 3779 857 3830 va‘t3‘t.

228 3859 254 3909 3.
275 3859 413 3914 Ausonia,
428 3857 549 3908 ltanuet
566 3857 795 3920 d’ortbopraphe
808 3859 909 3918 latiae,
924 3873 953 3923 p.
972 3861 1010 3910 ¹5.

231 3939 256 3989 l.
278 3936 356 3994 Quod
370 3938 502 3996 branslis,
526 3937 544 3986 t.
564 3937 584 3987 t.
610 3951 640 4000 p.
661 3937 779 3996 bit-blf,
801 3938 836 3988 de
859 3939 912 3988 bac
930 3941 1084 3990 mutatione
1102 3941 1222 3992 scribit:
1244 3960 1256 3988 u
1273 3944 1305 3993 In
1324 3947 1372 3996 the

197 4013 274 4064 third
301 4012 357 4062 and
383 4013 477 4062 fourth
503 4013 714 4076 conjugations,
739 4014 786 4062 the
811 4014 880 4063 form
910 4015 982 4065 &ndo
1011 4021 1115 4066 cannot
1141 4017 1175 4066 be
1201 4032 1217 4068 a
1239 4019 1372 4083 phonetic

199 4088 397 4150 development
410 4088 439 4137 of
454 4088 539 4136 -bndo
557 4088 659 4150 throug
672 4089 840 4151 wealiening·
851 4088 880 4138 of
892 4089 939 4140 the
954 4094 1051 4140 wowet
1064 4091 1081 4141 d
1097 4092 1126 4141 in
1138 4093 1185 4142 the
1198 4097 1371 4146 unaceented

198 4163 325 4229 syllable,
349 4164 392 4212 for
415 4177 456 4212 we
484 4164 556 4213 bave
592 4163 736 4227 aufereuo
765 4165 807 4214 for
840 4164 1128 4216 'ambbi-bberendo-
1158 4168 1187 4215 in
1218 4168 1372 4232 Umbriam,

198 4241 292 4289 where
308 4239 503 4302 aweakening
519 4239 548 4288 of
562 4240 618 4289 tbis
635 4238 705 4289 kind
724 4239 817 4290 would
834 4243 884 4289 not
901 4241 935 4291 be
946 4241 1064 4298 found»,
1082 4241 1136 4291 hoc
1153 4241 1261 4305 quidem
1275 4258 1371 4296 uerum

198 4319 243 4364 est
259 4328 291 4363 ea
305 4327 387 4376 quam
405 4314 474 4364 dicit
491 4315 539 4364 uia
554 4313 615 4364 fieri
631 4327 688 4364 non
705 4316 853 4378 potuisse:
872 4316 921 4366 sed
940 4317 996 4366 alia
1011 4317 1058 4366 uia
1073 4317 1176 4368 factum
1195 4318 1322 4377 arbitror,
1339 4336 1372 4372 ea

198 4403 299 4453 nempe
311 4399 391 4452 quam
406 4389 475 4437 dixi.
495 4416 526 4426 -
540 4391 619 4446 Quod
631 4390 725 4440 addit:
744 4407 755 4436 «
771 4391 913 4455 Altbougb
926 4393 973 4442 the
988 4391 1060 4443 form
1077 4393 1182 4444 -eucto-
1196 4393 1309 4445 became
1324 4399 1372 4447 tbe

199 4464 342 4528 approved
359 4463 430 4514 form
446 4465 473 4513 in
488 4464 619 4514 classical
636 4466 821 4524 Latin‚wbile
835 4458 929 4518 -dudo
941 4468 1022 4530 (from
1034 4482 1070 4518 an
1088 4469 1186 4518 earlier
1198 4469 1297 4533 -dadol
1314 4486 1372 4522 was
1408 4517 1409 4520 ,

200 4539 344 4603 relegated
367 4543 394 4588 to
419 4540 466 4590 the
490 4539 564 4602 legal
591 4541 647 4590 and
671 4541 782 4590 archaia
800 4542 881 4603 style.
900 4557 923 4592 e.
941 4555 968 4605 g.
987 4557 1033 4594 res
1051 4545 1241 4606 repetendae,
1262 4551 1309 4609 yet
1326 4548 1372 4597 the

199 4613 331 4664 classica}
348 4614 416 4664 form
434 4615 457 4663 is
471 4614 558 4665 found
568 4628 604 4664 on
617 4617 663 4666 the
676 4617 789 4666 earliest
801 4617 985 4680 inscriptions
997 4636 1009 4665 n
1024 4633 1121 4670 uereor
1132 4635 1167 4670 ne
1179 4620 1243 4671 illae
1256 4622 1372 4686 inscrip-

198 4691 292 4741 tiones
310 4689 351 4752 (S.
374 4689 406 4742 C.
424 4691 459 4740 de
477 4689 724 4748 Bacchanalibus,
742 4690 800 4741 Lex
815 4694 1063 4758 repetundarum)
1079 4709 1135 4745 non
1153 4696 1222 4746 satis
1241 4698 1373 4760 antiquae

199 4765 279 4816 sint:
299 4769 373 4815 certe
388 4765 475 4816 multo
491 4766 621 4838 meliores
639 4768 748 4830 priscae
768 4768 923 4832 scripturae
950 4773 1015 4821 sunt
1033 4769 1193 4832 leodaldus,
1211 4772 1372 4836 oriundus

200 4841 360 4894 secundus.
