3534 5342
414 553 453 613 18
703 559 747 606 nn
773 559 961 607 cununorm
986 559 1053 608 usu
1079 534 1293 609 nncnuuonu'

451 784 579 846 Nullum
593 786 674 846 enim
697 784 833 846 officium
850 783 1029 864 referenda
1050 786 1165 866 qratia
1187 786 1288 869 magis
1311 787 1515 848 necessarium
1536 799 1579 848 est

411 881 488 960 (Cic.
508 883 576 964 Off,
601 885 734 963 1.15.47)
751 905 758 958 3
779 893 831 944 et:
856 882 937 942 Perit
954 883 1055 964 gratia
1073 895 1103 944 et
1117 883 1236 945 relatio
1250 885 1383 964 qratiae
1396 885 1421 945 si
1438 885 1579 946 timemus

410 981 545 1042 laborem
562 982 651 1056 (Seu.
671 981 731 1063 Ep.
749 982 877 1061 74.13);
896 980 1044 1041 Valetudo
1058 981 1226 1044 sustinetur
1236 983 1356 1044 notitia
1367 983 1420 1044 sni
1432 987 1579 1065 corporis

410 1090 439 1140 et
447 1079 752 1161 praetermittendis
767 1077 989 1159 uoluptatibus
1003 1078 1077 1160 (Cic.
1095 1079 1159 1160 Off.
1181 1079 1332 1156 antidii).

460 1237 568 1309 Hunc
581 1235 776 1334 gerundiui
791 1261 896 1308 usum
912 1235 1089 1308 Lebreton
1104 1235 1287 1309 existimat
1299 1237 1483 1334 passinam
1499 1230 1580 1334 pro-

410 1377 564 1450 pagasse
590 1351 905 1450 significationem.
935 1351 1009 1423 Nec
1028 1350 1187 1424 iniuria:
1213 1378 1297 1424 nam
1320 1353 1428 1425 etiam
1451 1353 1489 1424 in
1513 1353 1579 1424 hoc

411 1494 477 1540 usu
497 1467 640 1566 passiue
659 1467 820 1539 adhiberi
837 1467 1082 1564 gerundiuum
1101 1492 1206 1539 nemo
1225 1493 1297 1540 non
1319 1469 1439 1541 sentit.

460 1584 574 1682 Igitur
586 1584 623 1654 in
636 1583 828 1680 gerundiui
847 1582 1018 1654 suffixum
1035 1607 1116 1654 cum
1132 1583 1266 1681 duplici
1281 1610 1349 1655 usu
1365 1585 1420 1656 uis
1436 1584 1577 1682 passina

410 1698 603 1772 inferretur
614 1699 731 1796 magis
745 1722 786 1770 ac
800 1697 931 1795 magis
945 1698 1143 1770 timendum
1160 1712 1235 1771 erat
1246 1724 1290 1771 ne
1301 1725 1429 1771 sensus
1440 1699 1578 1772 actiuus

412 1814 496 1886 inde
516 1814 781 1905 exturbaretur,
802 1839 916 1912 eoque
949 1813 1067 1884 maius
1090 1813 1290 1910 periculum
1319 1815 1415 1912 quod
1439 1814 1578 1886 duabus

411 1931 513 2028 quasi
532 1931 601 2003 uiis
618 1931 808 2002 accedente
823 1929 939 2019 hoste,
957 1946 1032 2001 erat
1047 1943 1197 2028 utraque
1215 1929 1460 2002 inuadentium
1479 1931 1579 2028 copia

412 2046 582 2118 maxima.
606 2047 697 2118 Nam
720 2072 824 2118 usum
851 2060 1043 2143 utrumque
1071 2044 1401 2143 frequentissimum
1419 2045 1528 2118 fuisse
1546 2059 1580 2118 et

411 2163 501 2234 ratio
526 2162 665 2252 suadet,
688 2176 722 2234 et
747 2162 865 2259 prisca
885 2175 1118 2234 monumenta
1137 2175 1325 2233 testantur.
1357 2161 1452 2252 Quid
1482 2161 1577 2233 onim

410 2275 632 2375 frequentius
643 2303 751 2376 quam
763 2291 801 2350 ut
812 2277 973 2350 dicamus
989 2276 1075 2375 quid
1086 2276 1132 2348 sit
1142 2276 1346 2373 agendum?
1360 2276 1480 2368 Quod,
1496 2301 1576 2349 cum

412 2393 448 2463 in
468 2393 542 2464 uita
563 2393 755 2482 cotidiana,
780 2393 842 2465 ubi
868 2392 1004 2491 aliquid
1026 2392 1218 2464 suademus
1240 2406 1301 2464 aut
1321 2391 1575 2488 praecipimus

410 2522 488 2580 tum
509 2508 544 2579 in
564 2508 666 2580 libris
679 2509 723 2581 de
737 2507 899 2581 moribus
919 2507 1146 2580 instituendis
1167 2533 1207 2578 ac
1224 2507 1422 2604 praeceptis
1438 2507 1579 2604 sapien-

410 2626 479 2696 tiae
498 2624 694 2715 tradendis,
720 2624 930 2722 saepissime
950 2623 1116 2696 occurrit.
1144 2622 1248 2694 litum
1273 2623 1366 2694 enim
1387 2622 1577 2719 gerundiui

412 2765 518 2811 usum
537 2765 556 2808 κ
572 2739 915 2837 periphrasticum»,
934 2739 996 2836 qui
1011 2739 1106 2836 apud
1123 2739 1288 2810 Plautum
1305 2752 1340 2809 et
1354 2738 1576 2835 Cyprianum

410 2855 633 2952 comparauit
648 2855 885 2946 Herkenrath,
902 2855 974 2926 illic
991 2854 1189 2944 ducentieS,
1208 2854 1266 2925 hic
1283 2853 1578 2952 quadringenties

408 2971 564 3042 inueniri
584 2971 781 3044 admonet.¹
802 2972 876 3043 lam
902 2996 987 3042 nero
1016 2971 1102 3068 quid
1129 2971 1272 3068 saepius
1294 2969 1450 3041 occurrit
1469 2995 1577 3068 qnam

409 3100 448 3158 ut
478 3112 550 3158 uon
578 3099 650 3157 tam
672 3099 786 3158 certas
807 3111 864 3158 res
884 3099 945 3157 aut
970 3111 1143 3184 personas
1166 3110 1274 3184 quam
1302 3085 1461 3156 actiones
1480 3085 1577 3182 ipsas

408 3203 610 3299 exprimere
641 3201 861 3274 debeamus?
889 3202 1012 3298 ltaque
1038 3201 1310 3273 usitatissimum
1331 3199 1442 3272 fuisse
1470 3201 1576 3272 etiam

408 3316 601 3413 gerundini
618 3343 737 3406 usum,
758 3343 828 3415 quo
843 3316 938 3388 idem
955 3315 1084 3387 dicitur
1099 3330 1205 3414 atque
1221 3317 1401 3388 abstracto
1416 3316 1574 3405 nomine,

407 3433 623 3529 scriptorum
656 3432 725 3504 loci
754 3430 927 3528 plurimi²
959 3431 1165 3504 ostendunt.
1189 3432 1317 3528 Igitur,
1339 3432 1482 3504 dumio
1508 3457 1575 3502 usu

406 3548 514 3645 longe
542 3549 706 3620 omnium
738 3547 1028 3645 frequentissimo
1059 3537 1134 3618 uim
1161 3548 1343 3645 passiuam
1371 3547 1574 3644 gerundiuo

407 3662 524 3736 inesse
549 3663 720 3755 sentiunt,
745 3663 919 3761 paulatim
939 3687 1016 3734 eam
1041 3662 1173 3735 habere
1201 3663 1285 3735 huic
1314 3662 1451 3735 formae
1489 3687 1575 3760 pro-

408 3779 523 3876 priam
544 3794 746 3851 assuerunt.

455 3895 495 3970 Β,
506 3938 553 3948 --
567 3896 637 3967 Sed
650 3895 737 3968 haec
753 3920 825 3967 non
839 3895 925 3967 satis
939 3921 1014 3968 rem
1031 3921 1139 3994 quam
1152 3895 1359 3993 quaerimus
1379 3895 1572 3982 illustrant,

407 4011 608 4109 magisque,
629 4037 701 4109 quo
727 4012 834 4083 modo
856 4012 910 4082 nis
937 4012 1081 4109 passiua
1103 4011 1356 4108 praeualuerit,
1381 4010 1575 4083 ostendunt

406 4152 514 4225 quam
531 4153 601 4225 quo
619 4128 725 4199 modo
741 4127 873 4199 factum
888 4127 935 4199 sit
952 4141 990 4199 ut
1004 4129 1060 4200 uis
1075 4128 1192 4200 actiua
1207 4153 1318 4225 prope
1330 4138 1570 4198 euanesceret.

454 4241 532 4314 Hoc
557 4242 676 4341 itaque
712 4242 917 4316 addendum
945 4243 1043 4340 quod
1063 4269 1150 4315 usus
1179 4241 1373 4341 gerundiui
1407 4240 1574 4338 passinus

405 4357 491 4429 dum
508 4358 704 4454 praeualet,
725 4359 884 4430 actiuum
916 4358 1128 4449 obscurans,
1153 4357 1245 4430 alius
1272 4356 1385 4429 creuit
1409 4381 1509 4443 usm,
1535 4367 1574 4426 ut

405 4473 476 4545 iam
503 4473 618 4546 obiter
647 4475 853 4546 monuimus
886 4477 940 4570 (p.
975 4475 1030 4560 16)
1060 4474 1198 4546 actiuus
1223 4473 1283 4546 ille
1315 4472 1475 4571 quidem,
1511 4469 1574 4570 qui

1336 4673 1572 4684 .-..-—-—.-·--

439 4792 461 4840 l.
483 4792 691 4849 Hnnununrru.
707 4791 728 4842 l.
748 4791 768 4842 t.
785 4805 815 4855 p.
837 4792 891 4842 111.

437 4873 462 4923 t.
483 4872 527 4922 Gt.
548 4873 668 4929 Dossou,
687 4871 708 4922 t.
731 4871 751 4923 t.
772 4885 801 4935 p.
825 4872 861 4929 19,
878 4883 921 4934 sq.
