3534 5342
357 562 402 606 DE
427 559 577 608 resultari
600 561 865 609 SIGNIFICATIONIS
889 562 1148 610 PROPAGATIONE
1296 558 1332 618 51

169 789 291 860 natiuo
314 813 397 860 casu
420 788 573 886 proferri
592 788 735 862 debent.
759 790 864 882 Quod
886 791 1015 863 melius
1035 792 1281 890 perspicietur,
1305 792 1335 864 si

168 904 250 1002 quis
269 905 314 977 ad
333 905 431 977 locos
450 904 487 974 in
507 905 638 1004 quibus
658 921 850 978 occurrunt
867 906 1070 994 attenderit.

208 1085 444 1149 Florescendis,
460 1087 603 1148 —Flora
618 1109 695 1169 quae
710 1088 801 1148 rebus
806 1088 1025 1170 florescendis
1040 1099 1158 1172 praeest
1175 1089 1221 1171 (ln
1236 1089 1334 1151 Fastis

168 1185 291 1257 Praen.,
310 1185 343 1245 C.
362 1185 384 1246 l'.
401 1187 440 1246 L.
459 1207 484 1248 1.
504 1207 523 1268 p
560 1186 643 1266 317.)

207 1281 408 1344 Noscendos.
428 1319 467 1328 -
480 1284 526 1342 Ad
542 1283 680 1345 homines
695 1306 815 1366 quoque
830 1285 1009 1346 nascendos
1033 1285 1095 1344 uim
1111 1284 1231 1345 numeri
1246 1285 1334 1346 istius

166 1378 283 1461 porrigi
298 1381 507 1462 pertinereque
526 1381 567 1442 ait
583 1384 724 1470 (Varro).
745 1382 829 1462 (Aul.
848 1385 888 1445 G.
915 1383 956 1443 N.
973 1387 1012 1444 A.
1030 1405 1071 1442 111.
1093 1395 1193 1462 top.)

206 1466 438 1540 Renascendi's'.
455 1479 698 1540 ——Genethliaci
713 1479 839 1561 quidam
853 1481 1074 1563 scripserunt...
1097 1502 1161 1541 esse
1176 1479 1207 1540 in
1223 1501 1334 1541 renos-

165 1575 278 1636 oendis
291 1575 479 1654 hominibus,
491 1599 584 1659 quam
599 1567 753 1661 appellant
763 1583 998 1670 παλιγγενεσίαν
1010 1579 1125 1640 Graeci.
1141 1581 1238 1657 (Varr.
1250 1579 1332 1662 apud

166 1673 249 1753 Aug.
266 1675 314 1734 De
338 1675 407 1736 Ciu.
425 1675 488 1736 Dei
503 1677 618 1754 2228.)
1338 1679 1339 1682 ¹

205 1771 438 1853 Nuurpandoe‚
453 1811 492 1818 —
501 1775 620 1836 Nautae
630 1776 823 1858 appellantur
833 1797 937 1836 omnes
950 1776 1003 1856 qni
1018 1775 1107 1835 nauis
1119 1774 1332 1855 nuuipundoe

165 1889 259 1929 causa
275 1869 307 1928 in
323 1871 395 1931 naui
410 1881 492 1932 sunt.
511 1872 597 1954 (Ulp.
614 1873 692 1952 Dip.
710 1896 748 1936 rv.
769 1877 844 1954 qu.)

206 1967 493 2032 Senescendorum.
509 2008 549 2015 —-
570 1972 691 2032 Seclum
705 1972 839 2054 spatium
859 1993 1011 2032 annorum
1028 1982 1149 2032 centurn
1170 1982 1329 2044 uocarunt,

165 2066 248 2145 quod
272 2067 488 2147 longissimum
507 2069 640 2151 spatium
657 2069 925 2132 secernendorum
947 2069 1105 2130 hominum
1132 2069 1163 2129 id
1185 2077 1332 2151 putarunt

165 2165 269 2241 (Varr.
288 2163 385 2245 Linq.
403 2166 440 2227 L.
456 2188 495 2226 vr.
515 2169 573 2243 ιι.)

210 2263 497 2327 Tabescendorum.
513 2301 553 2309 -
567 2263 694 2346 Copiam
708 2265 973 2328 tabescendorum
989 2265 1161 2328 hominum.
1171 2265 1265 2346 (Lact.
1285 2265 1331 2326 De

164 2369 260 2422 mort.
274 2383 362 2443 pers.
380 2363 474 2443 33.9.)
539 2368 542 2372 ’

214 2522 347 2596 Omnia
365 2525 453 2597 haec
470 2527 684 2622 gerundiua,
710 2526 741 2598 si
768 2525 1000 2623 nuur'pundoe
1023 2523 1195 2622 excipiam
1218 2525 1263 2596 ad
1289 2550 1330 2596 ea

165 2638 277 2710 uerba
298 2639 479 2736 pertinent
504 2668 596 2740 quae
616 2643 652 2716 id
676 2642 880 2738 exprimant
905 2640 1007 2739 quod
1026 2639 1094 2738 qui
1109 2640 1209 2737 fucit
1238 2639 1329 2713 idem

157 2753 319 2852 potitur,
335 2755 486 2854 ideoque
502 2757 547 2830 ad
566 2759 675 2831 uerba
690 2757 861 2830 reflexiua
879 2741 941 2828 seu
962 2756 1079 2829 media
1102 2769 1137 2828 et
1156 2771 1228 2826 tarn
1244 2781 1330 2854 pas-

165 2869 243 2942 siua
273 2897 380 2967 quarn
414 2873 530 2945 actiua
556 2873 742 2946 accedunt.
779 2875 854 2945 lam
881 2897 966 2944 uero
995 2897 1118 2944 eorum
1145 2897 1231 2944 usus
1258 2863 1329 2944 non

164 2987 261 3059 idem
285 3000 338 3058 e'st
360 3002 467 3086 atque
494 2989 632 3061 actiuus
651 2988 709 3062 ille
729 3003 763 3061 et
787 2988 1017 3061 attributiuus
1045 2987 1328 3084 gerundiuorum

164 3102 355 3192 lebaudus
377 3104 565 3195 oriundae,
587 3118 652 3176 cet.
676 3105 800 3202 Neque
819 3104 916 3176 enirn
933 3103 1059 3198 eodem
1075 3129 1182 3174 sensu
1201 3102 1329 3175 dicitur

60 3243 63 3247 ·
165 3217 263 3290 undu
291 3218 463 3310 lobundu,
496 3220 613 3318 spolio
643 3220 812 3308 secundo,
846 3233 881 3291 et
902 3218 1065 3317 floribus
1089 3216 1329 3316 florescendis

158 3347 321 3428 praeest,
350 3335 402 3407 ud
424 3335 583 3408 homines
603 3335 810 3408 nascendos.
840 3335 933 3406 Nam
955 3334 1013 3406 hic
1038 3334 1214 3431 posterior
1241 3359 1329 3404 usus
1358 3421 1368 3440 ι

164 3449 259 3522 idem
290 3476 372 3522 esse
412 3452 553 3523 uidetur
594 3465 700 3549 atque
742 3451 801 3523 ille
834 3452 877 3523 de
911 3475 983 3548 quo
1023 3475 1132 3546 supra
1171 3449 1328 3521 diximus

164 3567 217 3661 (p.
240 3566 316 3663 47),
338 3592 410 3664 quo
438 3566 482 3640 ad
514 3567 722 3665 ponendum
749 3567 786 3638 in
805 3580 997 3664 conspectu
1023 3565 1134 3637 animi
1161 3579 1328 3637 nontam

164 3695 332 3778 agentem
356 3682 509 3780 aliquem
533 3709 641 3781 quarn
661 3684 778 3780 ipsam
802 3682 904 3755 uerbi
931 3683 1120 3769 actionem,
1144 3681 1329 3777 passiuum

163 3798 408 3895 gerundiuum
425 3799 625 3871 adhibetur.
645 3799 743 3872 Idem
759 3799 855 3870 enim
876 3812 942 3886 est,
961 3798 1055 3896 quod
1076 3797 1119 3869 ad
1135 3795 1329 3894 gerundiui

165 3939 271 3986 usum
292 3915 431 4004 attinet,
463 3914 616 3987 hominis
640 3913 966 4005 occidendr'cousu,
1001 3927 1036 3985 et
1061 3913 1167 3984 rebus
1188 3912 1330 4011 stores-

165 4029 284 4130 eendis
302 4042 451 4127 praeest
465 4056 473 4100 :
507 4044 699 4128 utrumque
727 4029 871 4101 nomine
903 4028 1119 4126 incorporali
1152 4027 1326 4124 (Gallicez

160 4171 258 4243 pour
280 4146 311 4218 le
335 4157 495 4218 meurtre
514 4145 600 4218 d’uu
619 4145 770 4232 homme,
799 4150 822 4217 ὰ
847 4146 883 4218 lu
898 4144 1085 4243 ssoroisou
1108 4143 1169 4216 des
1193 4141 1329 4236 choses)

164 4260 265 4333 reddi
286 4273 414 4358 potest.
437 4261 504 4334 Hic
522 4274 642 4334 autem
660 4287 747 4334 usus
766 4260 959 4358 gerundiui
979 4273 1032 4333 est
1050 4259 1166 4356 magis
1194 4256 1330 4356 passiui

164 4402 272 4475 quarn
293 4377 413 4467 actiui,
435 4389 470 4449 et
494 4403 576 4450 curn
600 4375 724 4449 eorum
748 4376 954 4464 uerborum,
986 4401 1076 4474 quae
1099 4373 1328 4472 protulimuS,

164 4517 273 4563 sensu
300 4507 373 4564 tarn
402 4493 547 4590 passiuo
574 4518 682 4590 quam
711 4492 828 4564 actiuo
857 4491 1013 4562 maxime
1038 4489 1230 4587 congruit:
1259 4514 1329 4586 quo

165 4606 299 4679 lactum
315 4624 367 4680 est
382 4624 419 4681 ut
434 4609 472 4679 in
487 4634 529 4680 -o
545 4607 744 4680 desinentia
765 4606 992 4706 participium
1008 4619 1127 4678 tamen
1144 4605 1180 4675 in
1194 4605 1331 4676 -endus

166 4723 296 4796 habere
318 4739 477 4821 possent.
762 4808 765 4812 ,

214 4838 284 4912 Sed
322 4865 437 4939 neque
471 4840 529 4913 hic
567 4839 758 4938 gerundiui
792 4839 967 4938 posterior
1004 4864 1090 4911 usus
1133 4835 1245 4908 multa
1276 4835 1332 4908 sui
