<?xml version="1.0" encoding="UTF-8"?>
<!DOCTYPE html PUBLIC "-//W3C//DTD XHTML 1.0 Transitional//EN"
    "http://www.w3.org/TR/xhtml1/DTD/xhtml1-transitional.dtd">
<html xmlns="http://www.w3.org/1999/xhtml" xml:lang="en" lang="en">
 <head>
  <title>
</title>
<meta http-equiv="Content-Type" content="text/html;charset=utf-8" />
  <meta name='ocr-system' content='tesseract 3.04.00' />
  <meta name='ocr-capabilities' content='ocr_page ocr_carea ocr_par ocr_line ocrx_word'/>
</head>
<body>
  <div class='ocr_page' id='page_1' title='image "./degerundivietge01bayagoog_0073.png"; bbox 0 0 3534 5342; ppageno 0'>
   <div class='ocr_carea' id='block_1_1' title="bbox 383 577 1053 638">
    <p class='ocr_par' dir='ltr' id='par_1_1' title="bbox 383 577 1053 638">
     <span class='ocr_line' id='line_1_1' title="bbox 383 577 1053 638; baseline 0.01 -17"><span class='ocrx_word' id='word_1_1' title='bbox 383 577 423 638; x_wconf 73' lang='lat'>53</span> <span class='ocrx_word' id='word_1_2' title='bbox 891 579 1053 628; x_wconf 77' lang='lat' dir='ltr'>arnonus</span> 
     </span>
    </p>
   </div>
   <div class='ocr_carea' id='block_1_2' title="bbox 351 813 1558 3922">
    <p class='ocr_par' dir='ltr' id='par_1_2' title="bbox 384 813 1554 1725">
     <span class='ocr_line' id='line_1_2' title="bbox 434 813 1550 913; baseline -0.004 -24"><span class='ocrx_word' id='word_1_3' title='bbox 434 818 536 890; x_wconf 84' lang='lat' dir='ltr'>Hanc</span> <span class='ocrx_word' id='word_1_4' title='bbox 552 816 758 889; x_wconf 89' lang='lat' dir='ltr'>uniuersam</span> <span class='ocrx_word' id='word_1_5' title='bbox 773 817 817 890; x_wconf 89' lang='lat' dir='ltr'>de</span> <span class='ocrx_word' id='word_1_6' title='bbox 833 815 970 889; x_wconf 83' lang='lat' dir='ltr'>formae</span> <span class='ocrx_word' id='word_1_7' title='bbox 985 815 1021 886; x_wconf 94' lang='lat' dir='ltr'>in</span> <span class='ocrx_word' id='word_1_8' title='bbox 1034 813 1144 888; x_wconf 84' lang='lat' dir='ltr'>-ndus</span> <span class='ocrx_word' id='word_1_9' title='bbox 1159 814 1420 913; x_wconf 80' lang='lat' dir='ltr'>significatione</span> <span class='ocrx_word' id='word_1_10' title='bbox 1433 828 1467 887; x_wconf 87' lang='lat' dir='ltr'>et</span> <span class='ocrx_word' id='word_1_11' title='bbox 1482 840 1550 886; x_wconf 94' lang='lat' dir='ltr'>usu</span> 
     </span>
     <span class='ocr_line' id='line_1_3' title="bbox 385 930 1551 1031; baseline -0.005 -25"><span class='ocrx_word' id='word_1_12' title='bbox 385 932 663 1031; x_wconf 74' lang='lat' dir='ltr'><strong>comprehendet</strong></span> <span class='ocrx_word' id='word_1_13' title='bbox 699 947 734 1006; x_wconf 93' lang='lat' dir='ltr'>et</span> <span class='ocrx_word' id='word_1_14' title='bbox 767 932 932 1005; x_wconf 86' lang='lat' dir='ltr'>ostendet</span> <span class='ocrx_word' id='word_1_15' title='bbox 963 931 1236 1030; x_wconf 86' lang='lat' dir='ltr'>antiquissimus</span> <span class='ocrx_word' id='word_1_16' title='bbox 1264 931 1364 1004; x_wconf 88' lang='lat' dir='ltr'>testis</span> <span class='ocrx_word' id='word_1_17' title='bbox 1397 930 1551 1003; x_wconf 90' lang='lat' dir='ltr'>uerbum</span> 
     </span>
     <span class='ocr_line' id='line_1_4' title="bbox 385 1046 1551 1148; baseline -0.005 -26"><span class='ocrx_word' id='word_1_18' title='bbox 385 1074 529 1148; x_wconf 81' lang='lat' dir='ltr'>sequor.</span> <span class='ocrx_word' id='word_1_19' title='bbox 546 1049 662 1121; x_wconf 91' lang='lat' dir='ltr'>Huius</span> <span class='ocrx_word' id='word_1_20' title='bbox 678 1049 774 1120; x_wconf 85' lang='lat' dir='ltr'>enim</span> <span class='ocrx_word' id='word_1_21' title='bbox 787 1063 822 1120; x_wconf 89' lang='lat' dir='ltr'>et</span> <span class='ocrx_word' id='word_1_22' title='bbox 834 1047 1023 1145; x_wconf 87' lang='lat' dir='ltr'>participia</span> <span class='ocrx_word' id='word_1_23' title='bbox 1037 1061 1287 1120; x_wconf 86' lang='lat' dir='ltr'>remanserunt</span> <span class='ocrx_word' id='word_1_24' title='bbox 1302 1046 1388 1137; x_wconf 86' lang='lat' dir='ltr'>duc,</span> <span class='ocrx_word' id='word_1_25' title='bbox 1401 1047 1551 1118; x_wconf 87' lang='lat' dir='ltr'>alterum</span> 
     </span>
     <span class='ocr_line' id='line_1_5' title="bbox 384 1162 1553 1262; baseline -0.003 -24"><span class='ocrx_word' id='word_1_26' title='bbox 384 1165 543 1238; x_wconf 88' lang='lat' dir='ltr'>actiuum</span> <span class='ocrx_word' id='word_1_27' title='bbox 574 1178 608 1237; x_wconf 89' lang='lat' dir='ltr'>et</span> <span class='ocrx_word' id='word_1_28' title='bbox 628 1163 918 1262; x_wconf 89' lang='lat' dir='ltr'>antiquissimum</span> <span class='ocrx_word' id='word_1_29' title='bbox 948 1163 1167 1258; x_wconf 77' lang='lat' dir='ltr'>(secundus),</span> <span class='ocrx_word' id='word_1_30' title='bbox 1196 1162 1312 1260; x_wconf 78' lang='lat' dir='ltr'>magis</span> <span class='ocrx_word' id='word_1_31' title='bbox 1342 1162 1553 1235; x_wconf 78' lang='lat' dir='ltr'>uttrt&#39;butiue</span> 
     </span>
     <span class='ocr_line' id='line_1_6' title="bbox 386 1278 1554 1379; baseline -0.002 -26"><span class='ocrx_word' id='word_1_32' title='bbox 386 1278 599 1371; x_wconf 87' lang='lat' dir='ltr'>adhibitum,</span> <span class='ocrx_word' id='word_1_33' title='bbox 621 1280 770 1352; x_wconf 86' lang='lat' dir='ltr'>alterum</span> <span class='ocrx_word' id='word_1_34' title='bbox 790 1280 976 1379; x_wconf 87' lang='lat' dir='ltr'>passiuum</span> <span class='ocrx_word' id='word_1_35' title='bbox 997 1304 1037 1350; x_wconf 91' lang='lat' dir='ltr'>ac</span> <span class='ocrx_word' id='word_1_36' title='bbox 1051 1279 1231 1351; x_wconf 86' lang='lat' dir='ltr'>recentius</span> <span class='ocrx_word' id='word_1_37' title='bbox 1253 1278 1497 1376; x_wconf 80' lang='lat' dir='ltr'>(sequendus),</span> <span class='ocrx_word' id='word_1_38' title='bbox 1519 1294 1554 1352; x_wconf 85' lang='lat' dir='ltr'>et</span> 
     </span>
     <span class='ocr_line' id='line_1_7' title="bbox 386 1393 1554 1493; baseline -0.003 -25"><span class='ocrx_word' id='word_1_39' title='bbox 386 1396 462 1468; x_wconf 87' lang='lat' dir='ltr'>cius</span> <span class='ocrx_word' id='word_1_40' title='bbox 495 1422 582 1468; x_wconf 93' lang='lat' dir='ltr'>usus</span> <span class='ocrx_word' id='word_1_41' title='bbox 615 1421 655 1468; x_wconf 86' lang='lat' dir='ltr'>ac</span> <span class='ocrx_word' id='word_1_42' title='bbox 683 1395 898 1492; x_wconf 77' lang='lat' dir='ltr'>significatio</span> <span class='ocrx_word' id='word_1_43' title='bbox 932 1420 1022 1493; x_wconf 87' lang='lat' dir='ltr'>quas</span> <span class='ocrx_word' id='word_1_44' title='bbox 1052 1393 1148 1467; x_wconf 91' lang='lat' dir='ltr'>uices</span> <span class='ocrx_word' id='word_1_45' title='bbox 1181 1407 1329 1491; x_wconf 88' lang='lat' dir='ltr'>experta</span> <span class='ocrx_word' id='word_1_46' title='bbox 1356 1394 1402 1466; x_wconf 93' lang='lat' dir='ltr'>sit</span> <span class='ocrx_word' id='word_1_47' title='bbox 1436 1394 1554 1466; x_wconf 91' lang='lat' dir='ltr'>Latini</span> 
     </span>
     <span class='ocr_line' id='line_1_8' title="bbox 386 1509 1554 1608; baseline -0.001 -26"><span class='ocrx_word' id='word_1_48' title='bbox 386 1511 563 1584; x_wconf 88' lang='lat' dir='ltr'>sermonis</span> <span class='ocrx_word' id='word_1_49' title='bbox 578 1511 764 1600; x_wconf 88' lang='lat' dir='ltr'>memoria,</span> <span class='ocrx_word' id='word_1_50' title='bbox 791 1535 985 1608; x_wconf 88' lang='lat' dir='ltr'>carumque</span> <span class='ocrx_word' id='word_1_51' title='bbox 1005 1509 1226 1606; x_wconf 79' lang='lat' dir='ltr'>linguarum,</span> <span class='ocrx_word' id='word_1_52' title='bbox 1255 1535 1347 1608; x_wconf 90' lang='lat' dir='ltr'>quac</span> <span class='ocrx_word' id='word_1_53' title='bbox 1362 1535 1407 1582; x_wconf 87' lang='lat' dir='ltr'>ex</span> <span class='ocrx_word' id='word_1_54' title='bbox 1429 1510 1554 1582; x_wconf 86' lang='lat' dir='ltr'>eadem</span> 
     </span>
     <span class='ocr_line' id='line_1_9' title="bbox 388 1626 1490 1725; baseline 0 -27"><span class='ocrx_word' id='word_1_55' title='bbox 388 1627 499 1724; x_wconf 81' lang='lat' dir='ltr'>stirpe</span> <span class='ocrx_word' id='word_1_56' title='bbox 513 1626 694 1725; x_wconf 76' lang='lat' dir='ltr'>originem</span> <span class='ocrx_word' id='word_1_57' title='bbox 713 1627 862 1718; x_wconf 83' lang='lat' dir='ltr'>ducunt,</span> <span class='ocrx_word' id='word_1_58' title='bbox 887 1626 1083 1699; x_wconf 83' lang='lat' dir='ltr'>similitudo</span> <span class='ocrx_word' id='word_1_59' title='bbox 1110 1627 1196 1699; x_wconf 89' lang='lat' dir='ltr'>satis</span> <span class='ocrx_word' id='word_1_60' title='bbox 1219 1626 1310 1699; x_wconf 89' lang='lat' dir='ltr'>bene</span> <span class='ocrx_word' id='word_1_61' title='bbox 1329 1640 1490 1699; x_wconf 88' lang='lat' dir='ltr'>testatur.</span> 
     </span>
    </p>

    <p class='ocr_par' dir='ltr' id='par_1_3' title="bbox 351 1742 1558 3573">
     <span class='ocr_line' id='line_1_10' title="bbox 436 1742 1549 1840; baseline -0.001 -26"><span class='ocrx_word' id='word_1_62' title='bbox 436 1744 528 1814; x_wconf 90' lang='lat' dir='ltr'>Nam</span> <span class='ocrx_word' id='word_1_63' title='bbox 546 1743 652 1815; x_wconf 89' lang='lat' dir='ltr'>huius</span> <span class='ocrx_word' id='word_1_64' title='bbox 666 1742 767 1815; x_wconf 90' lang='lat' dir='ltr'>uerbi</span> <span class='ocrx_word' id='word_1_65' title='bbox 783 1743 820 1812; x_wconf 92' lang='lat' dir='ltr'>in</span> <span class='ocrx_word' id='word_1_66' title='bbox 831 1743 969 1814; x_wconf 87' lang='lat' dir='ltr'>Graeco</span> <span class='ocrx_word' id='word_1_67' title='bbox 984 1747 1166 1815; x_wconf 82' lang='lat' dir='ltr'>sermone¹</span> <span class='ocrx_word' id='word_1_68' title='bbox 1181 1768 1297 1840; x_wconf 80' lang='lat' dir='ltr'>genus</span> <span class='ocrx_word' id='word_1_69' title='bbox 1312 1742 1447 1840; x_wconf 80' lang='lat' dir='ltr'>duplex</span> <span class='ocrx_word' id='word_1_70' title='bbox 1462 1742 1549 1814; x_wconf 87' lang='lat' dir='ltr'>fuit:</span> 
     </span>
     <span class='ocr_line' id='line_1_11' title="bbox 387 1858 1554 1956; baseline -0.003 -24"><span class='ocrx_word' id='word_1_71' title='bbox 387 1884 500 1932; x_wconf 93' lang='lat' dir='ltr'>unum</span> <span class='ocrx_word' id='word_1_72' title='bbox 514 1859 670 1931; x_wconf 92' lang='lat' dir='ltr'>actiuum</span> <span class='ocrx_word' id='word_1_73' title='bbox 683 1872 789 1956; x_wconf 88' lang='lat' dir='ltr'>atque</span> <span class='ocrx_word' id='word_1_74' title='bbox 805 1858 984 1930; x_wconf 86' lang='lat' dir='ltr'>interdum</span> <span class='ocrx_word' id='word_1_75' title='bbox 1000 1858 1232 1930; x_wconf 90' lang='lat' dir='ltr'>transitiuum</span> <span class='ocrx_word' id='word_1_76' title='bbox 1244 1866 1307 1929; x_wconf 78' lang='grc' dir='ltr'>ἕπω</span> <span class='ocrx_word' id='word_1_77' title='bbox 1320 1859 1415 1956; x_wconf 93' lang='lat' dir='ltr'>quod</span> <span class='ocrx_word' id='word_1_78' title='bbox 1428 1873 1554 1956; x_wconf 82' lang='lat' dir='ltr'>quater</span> 
     </span>
     <span class='ocr_line' id='line_1_12' title="bbox 387 1974 1554 2073; baseline -0.003 -27"><span class='ocrx_word' id='word_1_79' title='bbox 387 1977 425 2046; x_wconf 93' lang='lat' dir='ltr'>in</span> <span class='ocrx_word' id='word_1_80' title='bbox 451 1975 598 2047; x_wconf 84' lang='lat' dir='ltr'>Homeri</span> <span class='ocrx_word' id='word_1_81' title='bbox 621 2000 712 2073; x_wconf 86' lang='lat' dir='ltr'>quae</span> <span class='ocrx_word' id='word_1_82' title='bbox 737 1974 899 2046; x_wconf 82' lang='lat' dir='ltr'>feruntur</span> <span class='ocrx_word' id='word_1_83' title='bbox 926 1975 1148 2072; x_wconf 82' lang='lat' dir='ltr'>carminibus</span> <span class='ocrx_word' id='word_1_84' title='bbox 1175 1974 1375 2064; x_wconf 76' lang='lat' dir='ltr'>occurrit23</span> <span class='ocrx_word' id='word_1_85' title='bbox 1402 1974 1554 2046; x_wconf 89' lang='lat' dir='ltr'>alterum</span> 
     </span>
     <span class='ocr_line' id='line_1_13' title="bbox 351 2089 1551 2188; baseline -0.003 -26"><span class='ocrx_word' id='word_1_86' title='bbox 351 2167 355 2178; x_wconf 66' lang='grc'>,</span> <span class='ocrx_word' id='word_1_87' title='bbox 389 2091 546 2164; x_wconf 88' lang='lat' dir='ltr'>medium</span> <span class='ocrx_word' id='word_1_88' title='bbox 563 2097 689 2186; x_wconf 79' lang='grc' dir='ltr'>ἕπομαι,</span> <span class='ocrx_word' id='word_1_89' title='bbox 704 2089 800 2188; x_wconf 88' lang='lat' dir='ltr'>quod</span> <span class='ocrx_word' id='word_1_90' title='bbox 816 2115 898 2161; x_wconf 95' lang='lat' dir='ltr'>cum</span> <span class='ocrx_word' id='word_1_91' title='bbox 918 2089 1039 2161; x_wconf 89' lang='lat' dir='ltr'>datiuo</span> <span class='ocrx_word' id='word_1_92' title='bbox 1054 2090 1285 2188; x_wconf 82' lang='lat' dir='ltr'>componitur</span> <span class='ocrx_word' id='word_1_93' title='bbox 1307 2094 1438 2186; x_wconf 79' lang='grc' dir='ltr'>(ἓπομαί</span> <span class='ocrx_word' id='word_1_94' title='bbox 1452 2093 1525 2182; x_wconf 77' lang='grc' dir='ltr'>τινι)</span> <span class='ocrx_word' id='word_1_95' title='bbox 1542 2114 1551 2159; x_wconf 92' lang='lat'><strong>:</strong></span> 
     </span>
     <span class='ocr_line' id='line_1_14' title="bbox 389 2204 1551 2304; baseline -0.003 -25"><span class='ocrx_word' id='word_1_96' title='bbox 389 2207 483 2279; x_wconf 89' lang='lat' dir='ltr'>unde</span> <span class='ocrx_word' id='word_1_97' title='bbox 500 2206 687 2304; x_wconf 88' lang='lat' dir='ltr'>participia</span> <span class='ocrx_word' id='word_1_98' title='bbox 702 2206 774 2278; x_wconf 92' lang='lat' dir='ltr'>duo</span> <span class='ocrx_word' id='word_1_99' title='bbox 790 2213 928 2295; x_wconf 52' lang='lat' dir='ltr'>{nocet</span> <span class='ocrx_word' id='word_1_100' title='bbox 943 2213 1099 2302; x_wconf 78' lang='grc' dir='ltr'>ἑπόμενος.</span> <span class='ocrx_word' id='word_1_101' title='bbox 1110 2207 1150 2277; x_wconf 95' lang='lat' dir='ltr'>ln</span> <span class='ocrx_word' id='word_1_102' title='bbox 1163 2206 1290 2278; x_wconf 87' lang='lat' dir='ltr'>Latina</span> <span class='ocrx_word' id='word_1_103' title='bbox 1304 2205 1431 2302; x_wconf 76' lang='lat' dir='ltr'>lingua</span> <span class='ocrx_word' id='word_1_104' title='bbox 1441 2204 1551 2276; x_wconf 83' lang='lat' dir='ltr'>fuisse</span> 
     </span>
     <span class='ocr_line' id='line_1_15' title="bbox 389 2319 1558 2419; baseline -0.003 -24"><span class='ocrx_word' id='word_1_105' title='bbox 389 2323 547 2395; x_wconf 82' lang='lat' dir='ltr'>uotiuum</span> <span class='ocrx_word' id='word_1_106' title='bbox 588 2324 722 2419; x_wconf 74' lang='lat' dir='ltr'>*nequo</span> <span class='ocrx_word' id='word_1_107' title='bbox 765 2334 915 2393; x_wconf 90' lang='lat' dir='ltr'>testatur</span> <span class='ocrx_word' id='word_1_108' title='bbox 946 2321 1152 2394; x_wconf 86' lang='lat' dir='ltr'>Priscianus</span> <span class='ocrx_word' id='word_1_109' title='bbox 1166 2321 1191 2411; x_wconf 76' lang='lat'>³,</span> <span class='ocrx_word' id='word_1_110' title='bbox 1228 2336 1263 2393; x_wconf 88' lang='lat' dir='ltr'>ct</span> <span class='ocrx_word' id='word_1_111' title='bbox 1299 2321 1419 2418; x_wconf 93' lang='lat' dir='ltr'>ipsum</span> <span class='ocrx_word' id='word_1_112' title='bbox 1451 2319 1558 2418; x_wconf 85' lang='lat' dir='ltr'>sequi</span> 
     </span>
     <span class='ocr_line' id='line_1_16' title="bbox 389 2436 1553 2536; baseline -0.003 -26"><span class='ocrx_word' id='word_1_113' title='bbox 389 2437 532 2536; x_wconf 87' lang='lat' dir='ltr'>passiue</span> <span class='ocrx_word' id='word_1_114' title='bbox 549 2451 762 2534; x_wconf 90' lang='lat' dir='ltr'>usurpatum</span> <span class='ocrx_word' id='word_1_115' title='bbox 782 2436 878 2534; x_wconf 88' lang='lat' dir='ltr'>apud</span> <span class='ocrx_word' id='word_1_116' title='bbox 906 2436 1137 2508; x_wconf 86' lang='lat' dir='ltr'>Cornificium</span> <span class='ocrx_word' id='word_1_117' title='bbox 1159 2436 1185 2526; x_wconf 72' lang='lat'>⁶,</span> <span class='ocrx_word' id='word_1_118' title='bbox 1202 2450 1237 2509; x_wconf 90' lang='lat' dir='ltr'>et</span> <span class='ocrx_word' id='word_1_119' title='bbox 1255 2436 1467 2508; x_wconf 84' lang='lat' dir='ltr'>reflexiuum</span> <span class='ocrx_word' id='word_1_120' title='bbox 1489 2460 1553 2507; x_wconf 90' lang='lat' dir='ltr'>scu</span> 
     </span>
     <span class='ocr_line' id='line_1_17' title="bbox 388 2550 1555 2650; baseline -0.002 -26"><span class='ocrx_word' id='word_1_121' title='bbox 388 2552 547 2626; x_wconf 89' lang='lat' dir='ltr'>medium</span> <span class='ocrx_word' id='word_1_122' title='bbox 566 2577 712 2650; x_wconf 86' lang='lat' dir='ltr'>sequor,</span> <span class='ocrx_word' id='word_1_123' title='bbox 738 2550 834 2650; x_wconf 92' lang='lat' dir='ltr'>quod</span> <span class='ocrx_word' id='word_1_124' title='bbox 853 2552 957 2625; x_wconf 91' lang='lat' dir='ltr'>initio</span> <span class='ocrx_word' id='word_1_125' title='bbox 977 2577 1049 2624; x_wconf 91' lang='lat' dir='ltr'>non</span> <span class='ocrx_word' id='word_1_126' title='bbox 1072 2552 1190 2650; x_wconf 77' lang='lat' dir='ltr'>magis</span> <span class='ocrx_word' id='word_1_127' title='bbox 1208 2551 1438 2624; x_wconf 84' lang='lat' dir='ltr'>transitiuum</span> <span class='ocrx_word' id='word_1_128' title='bbox 1459 2550 1555 2622; x_wconf 78' lang='lat' dir='ltr'>fuit⁵</span> 
     </span>
     <span class='ocr_line' id='line_1_18' title="bbox 389 2666 1552 2767; baseline -0.004 -26"><span class='ocrx_word' id='word_1_129' title='bbox 389 2694 498 2767; x_wconf 89' lang='lat' dir='ltr'>quam</span> <span class='ocrx_word' id='word_1_130' title='bbox 518 2675 662 2764; x_wconf 81' lang='grc' dir='ltr'>ἑπόμενος</span> <span class='ocrx_word' id='word_1_131' title='bbox 680 2695 688 2740; x_wconf 93' lang='lat'><strong>:</strong></span> <span class='ocrx_word' id='word_1_132' title='bbox 711 2668 806 2750; x_wconf 88' lang='lat' dir='ltr'>unde</span> <span class='ocrx_word' id='word_1_133' title='bbox 827 2667 1015 2765; x_wconf 88' lang='lat' dir='ltr'>participia</span> <span class='ocrx_word' id='word_1_134' title='bbox 1033 2667 1105 2740; x_wconf 93' lang='lat' dir='ltr'>duo</span> <span class='ocrx_word' id='word_1_135' title='bbox 1123 2693 1287 2766; x_wconf 76' lang='lat' dir='ltr'>sequent,</span> <span class='ocrx_word' id='word_1_136' title='bbox 1312 2681 1346 2739; x_wconf 90' lang='lat' dir='ltr'>et</span> <span class='ocrx_word' id='word_1_137' title='bbox 1364 2666 1552 2755; x_wconf 77' lang='lat' dir='ltr'>secundus,</span> 
     </span>
     <span class='ocr_line' id='line_1_19' title="bbox 389 2782 1555 2881; baseline 0 -27"><span class='ocrx_word' id='word_1_138' title='bbox 389 2785 529 2881; x_wconf 80' lang='lat' dir='ltr'>graecis</span> <span class='ocrx_word' id='word_1_139' title='bbox 558 2791 637 2854; x_wconf 78' lang='grc' dir='ltr'>ἕπων</span> <span class='ocrx_word' id='word_1_140' title='bbox 660 2797 694 2854; x_wconf 90' lang='lat' dir='ltr'>et</span> <span class='ocrx_word' id='word_1_141' title='bbox 722 2790 867 2880; x_wconf 81' lang='grc' dir='ltr'>ἑπόμενος</span> <span class='ocrx_word' id='word_1_142' title='bbox 894 2782 1156 2880; x_wconf 77' lang='lat' dir='ltr'>significatione</span> <span class='ocrx_word' id='word_1_143' title='bbox 1184 2783 1451 2881; x_wconf 81' lang='lat' dir='ltr'>respondentia.</span> <span class='ocrx_word' id='word_1_144' title='bbox 1484 2782 1555 2854; x_wconf 89' lang='lat' dir='ltr'>Sed</span> 
     </span>
     <span class='ocr_line' id='line_1_20' title="bbox 389 2897 1555 2996; baseline -0.001 -25"><span class='ocrx_word' id='word_1_145' title='bbox 389 2924 470 2971; x_wconf 90' lang='lat' dir='ltr'>cum</span> <span class='ocrx_word' id='word_1_146' title='bbox 488 2925 529 2971; x_wconf 88' lang='lat' dir='ltr'>ea</span> <span class='ocrx_word' id='word_1_147' title='bbox 548 2898 593 2970; x_wconf 93' lang='lat' dir='ltr'>sit</span> <span class='ocrx_word' id='word_1_148' title='bbox 611 2898 717 2970; x_wconf 88' lang='lat' dir='ltr'>huius</span> <span class='ocrx_word' id='word_1_149' title='bbox 739 2899 838 2970; x_wconf 90' lang='lat' dir='ltr'>uocis</span> <span class='ocrx_word' id='word_1_150' title='bbox 862 2897 1078 2995; x_wconf 78' lang='lat' dir='ltr'>significatio</span> <span class='ocrx_word' id='word_1_151' title='bbox 1105 2911 1231 2971; x_wconf 87' lang='lat' dir='ltr'>utnon</span> <span class='ocrx_word' id='word_1_152' title='bbox 1253 2899 1402 2972; x_wconf 87' lang='lat' dir='ltr'>multum</span> <span class='ocrx_word' id='word_1_153' title='bbox 1420 2899 1555 2996; x_wconf 80' lang='lat' dir='ltr'>forma</span> 
     </span>
     <span class='ocr_line' id='line_1_21' title="bbox 389 3013 1555 3112; baseline 0.002 -26"><span class='ocrx_word' id='word_1_154' title='bbox 389 3014 588 3087; x_wconf 81' lang='lat' dir='ltr'>trancr&#39;liuu</span> <span class='ocrx_word' id='word_1_155' title='bbox 607 3039 630 3086; x_wconf 87' lang='grc' dir='ltr'><em>α</em></span> <span class='ocrx_word' id='word_1_156' title='bbox 649 3013 835 3112; x_wconf 73' lang='lat' dir='ltr'>resteoeina</span> <span class='ocrx_word' id='word_1_157' title='bbox 853 3039 914 3086; x_wconf 86' lang='lat' dir='ltr'>seu</span> <span class='ocrx_word' id='word_1_158' title='bbox 933 3014 1051 3086; x_wconf 81' lang='lat' dir='ltr'>media</span> <span class='ocrx_word' id='word_1_159' title='bbox 1073 3013 1226 3105; x_wconf 84' lang='lat' dir='ltr'>differat,</span> <span class='ocrx_word' id='word_1_160' title='bbox 1254 3015 1299 3087; x_wconf 91' lang='lat' dir='ltr'>ad</span> <span class='ocrx_word' id='word_1_161' title='bbox 1318 3039 1424 3086; x_wconf 94' lang='lat' dir='ltr'>usum</span> <span class='ocrx_word' id='word_1_162' title='bbox 1445 3013 1555 3088; x_wconf 83' lang='lat' dir='ltr'>altera</span> 
     </span>
     <span class='ocr_line' id='line_1_22' title="bbox 390 3129 1555 3229; baseline -0.003 -28"><span class='ocrx_word' id='word_1_163' title='bbox 390 3129 541 3202; x_wconf 88' lang='lat' dir='ltr'>alterum</span> <span class='ocrx_word' id='word_1_164' title='bbox 554 3129 734 3202; x_wconf 83' lang='lat' dir='ltr'>adhibitae</span> <span class='ocrx_word' id='word_1_165' title='bbox 751 3144 848 3202; x_wconf 86' lang='lat' dir='ltr'>sunt.</span> <span class='ocrx_word' id='word_1_166' title='bbox 865 3132 988 3228; x_wconf 87' lang='lat' dir='ltr'>ltaque</span> <span class='ocrx_word' id='word_1_167' title='bbox 1001 3129 1163 3202; x_wconf 87' lang='lat' dir='ltr'>diuersas</span> <span class='ocrx_word' id='word_1_168' title='bbox 1178 3143 1393 3229; x_wconf 86' lang='lat' dir='ltr'>acceperunt</span> <span class='ocrx_word' id='word_1_169' title='bbox 1403 3153 1555 3226; x_wconf 80' lang='lat' dir='ltr'>sequens</span> 
     </span>
     <span class='ocr_line' id='line_1_23' title="bbox 390 3243 1552 3343; baseline -0.001 -27"><span class='ocrx_word' id='word_1_170' title='bbox 390 3259 424 3317; x_wconf 87' lang='lat' dir='ltr'>et</span> <span class='ocrx_word' id='word_1_171' title='bbox 456 3245 630 3317; x_wconf 80' lang='lat' dir='ltr'>secundus</span> <span class='ocrx_word' id='word_1_172' title='bbox 655 3245 886 3341; x_wconf 89' lang='lat' dir='ltr'>prouincias:</span> <span class='ocrx_word' id='word_1_173' title='bbox 924 3270 1076 3342; x_wconf 80' lang='lat' dir='ltr'>sequens</span> <span class='ocrx_word' id='word_1_174' title='bbox 1108 3245 1337 3343; x_wconf 87' lang='lat' dir='ltr'>participium</span> <span class='ocrx_word' id='word_1_175' title='bbox 1366 3243 1552 3334; x_wconf 90' lang='lat' dir='ltr'>remansit,</span> 
     </span>
     <span class='ocr_line' id='line_1_24' title="bbox 389 3358 1555 3435; baseline -0.002 -4"><span class='ocrx_word' id='word_1_176' title='bbox 389 3360 563 3433; x_wconf 80' lang='lat' dir='ltr'>sccundus</span> <span class='ocrx_word' id='word_1_177' title='bbox 582 3375 701 3434; x_wconf 87' lang='lat' dir='ltr'>autem</span> <span class='ocrx_word' id='word_1_178' title='bbox 727 3359 930 3432; x_wconf 78' lang='lat' dir='ltr'>udc‘ectt&#39;ue⁶</span> <span class='ocrx_word' id='word_1_179' title='bbox 948 3360 1106 3433; x_wconf 88' lang='lat' dir='ltr'>maxime</span> <span class='ocrx_word' id='word_1_180' title='bbox 1126 3375 1187 3434; x_wconf 88' lang='lat' dir='ltr'>aut</span> <span class='ocrx_word' id='word_1_181' title='bbox 1206 3358 1429 3435; x_wconf 78' lang='lat' dir='ltr'>substantiae</span> <span class='ocrx_word' id='word_1_182' title='bbox 1448 3385 1555 3432; x_wconf 91' lang='lat' dir='ltr'>usur-</span> 
     </span>
     <span class='ocr_line' id='line_1_25' title="bbox 391 3467 712 3573; baseline 0.006 -26"><span class='ocrx_word' id='word_1_183' title='bbox 391 3490 513 3573; x_wconf 90' lang='lat' dir='ltr'>patum</span> <span class='ocrx_word' id='word_1_184' title='bbox 534 3489 600 3548; x_wconf 93' lang='lat' dir='ltr'>est.</span> <span class='ocrx_word' id='word_1_185' title='bbox 711 3467 712 3474; x_wconf 7' lang='grc' dir='ltr'>ἵ</span> 
     </span>
    </p>

    <p class='ocr_par' dir='ltr' id='par_1_4' title="bbox 390 3591 1555 3922">
     <span class='ocr_line' id='line_1_26' title="bbox 439 3591 1555 3691; baseline 0.002 -29"><span class='ocrx_word' id='word_1_186' title='bbox 439 3591 567 3664; x_wconf 89' lang='lat' dir='ltr'>Postea</span> <span class='ocrx_word' id='word_1_187' title='bbox 585 3617 672 3665; x_wconf 89' lang='lat' dir='ltr'>uero</span> <span class='ocrx_word' id='word_1_188' title='bbox 691 3617 773 3664; x_wconf 93' lang='lat' dir='ltr'>cum</span> <span class='ocrx_word' id='word_1_189' title='bbox 790 3615 924 3691; x_wconf 84' lang='lat' dir='ltr'>sequor</span> <span class='ocrx_word' id='word_1_190' title='bbox 950 3618 969 3664; x_wconf 90' lang='lat' dir='ltr'>c</span> <span class='ocrx_word' id='word_1_191' title='bbox 992 3618 1064 3665; x_wconf 90' lang='lat' dir='ltr'>non</span> <span class='ocrx_word' id='word_1_192' title='bbox 1085 3592 1287 3683; x_wconf 73' lang='lat' dir='ltr'>transituro,</span> <span class='ocrx_word' id='word_1_193' title='bbox 1309 3592 1419 3664; x_wconf 90' lang='lat' dir='ltr'>uerba</span> <span class='ocrx_word' id='word_1_194' title='bbox 1440 3603 1555 3665; x_wconf 83' lang='lat' dir='ltr'>motus</span> 
     </span>
     <span class='ocr_line' id='line_1_27' title="bbox 391 3707 1554 3806; baseline -0.003 -22"><span class='ocrx_word' id='word_1_195' title='bbox 391 3723 430 3784; x_wconf 91' lang='lat' dir='ltr'>ut</span> <span class='ocrx_word' id='word_1_196' title='bbox 445 3721 527 3806; x_wconf 85' lang='lat' dir='ltr'>peto</span> <span class='ocrx_word' id='word_1_197' title='bbox 546 3708 705 3797; x_wconf 87' lang='lat' dir='ltr'>imitans,</span> <span class='ocrx_word' id='word_1_198' title='bbox 725 3708 954 3780; x_wconf 88' lang='lat' dir='ltr'>transitiuum</span> <span class='ocrx_word' id='word_1_199' title='bbox 972 3707 1106 3780; x_wconf 82' lang='lat' dir='ltr'>factum</span> <span class='ocrx_word' id='word_1_200' title='bbox 1124 3722 1231 3798; x_wconf 86' lang='lat' dir='ltr'>essct,</span> <span class='ocrx_word' id='word_1_201' title='bbox 1249 3734 1384 3782; x_wconf 92' lang='lat' dir='ltr'>nouum</span> <span class='ocrx_word' id='word_1_202' title='bbox 1404 3707 1554 3782; x_wconf 87' lang='lat' dir='ltr'>accessit</span> 
     </span>
     <span class='ocr_line' id='line_1_28' title="bbox 390 3822 1440 3922; baseline 0 -27"><span class='ocrx_word' id='word_1_203' title='bbox 390 3823 843 3922; x_wconf 59' lang='lat' dir='ltr'>participiun1‚‚passiuum</span> <span class='ocrx_word' id='word_1_204' title='bbox 863 3822 951 3897; x_wconf 92' lang='lat' dir='ltr'>illud</span> <span class='ocrx_word' id='word_1_205' title='bbox 970 3823 1128 3922; x_wconf 86' lang='lat' dir='ltr'>quidem,</span> <span class='ocrx_word' id='word_1_206' title='bbox 1151 3823 1364 3922; x_wconf 80' lang='lat' dir='ltr'>sequendus,</span> <span class='ocrx_word' id='word_1_207' title='bbox 1431 3849 1440 3864; x_wconf 64' lang='lat'>²</span> 
     </span>
    </p>
   </div>
   <div class='ocr_carea' id='block_1_3' title="bbox 392 4120 1555 4262">
    <p class='ocr_par' dir='ltr' id='par_1_5' title="bbox 392 4120 1555 4262">
     <span class='ocr_line' id='line_1_29' title="bbox 423 4120 1555 4182; baseline 0.003 -11"><span class='ocrx_word' id='word_1_208' title='bbox 423 4122 446 4172; x_wconf 89' lang='lat'>1.</span> <span class='ocrx_word' id='word_1_209' title='bbox 463 4121 608 4170; x_wconf 88' lang='lat' dir='ltr'>Inuenitur</span> <span class='ocrx_word' id='word_1_210' title='bbox 621 4120 694 4170; x_wconf 89' lang='lat' dir='ltr'>enim</span> <span class='ocrx_word' id='word_1_211' title='bbox 712 4120 741 4169; x_wconf 94' lang='lat' dir='ltr'>in</span> <span class='ocrx_word' id='word_1_212' title='bbox 758 4120 845 4170; x_wconf 83' lang='lat' dir='ltr'>ueteri</span> <span class='ocrx_word' id='word_1_213' title='bbox 858 4120 990 4170; x_wconf 87' lang='lat' dir='ltr'>Indorum</span> <span class='ocrx_word' id='word_1_214' title='bbox 1009 4134 1144 4182; x_wconf 84' lang='lat' dir='ltr'>sermone,</span> <span class='ocrx_word' id='word_1_215' title='bbox 1158 4121 1329 4174; x_wconf 85' lang='lat' dir='ltr'>utadmonet</span> <span class='ocrx_word' id='word_1_216' title='bbox 1344 4123 1477 4180; x_wconf 71' lang='lat' dir='ltr'>Lrunsnr,</span> <span class='ocrx_word' id='word_1_217' title='bbox 1496 4121 1555 4174; x_wconf 82' lang='lat' dir='ltr'>The</span> 
     </span>
     <span class='ocr_line' id='line_1_30' title="bbox 392 4195 1305 4262; baseline 0 -14"><span class='ocrx_word' id='word_1_218' title='bbox 392 4197 467 4248; x_wconf 81' lang='lat' dir='ltr'>latin</span> <span class='ocrx_word' id='word_1_219' title='bbox 480 4195 650 4259; x_wconf 72' lang='lat' dir='ltr'>Lanuuape,</span> <span class='ocrx_word' id='word_1_220' title='bbox 667 4210 696 4259; x_wconf 90' lang='lat' dir='ltr'>p.</span> <span class='ocrx_word' id='word_1_221' title='bbox 717 4196 771 4247; x_wconf 75' lang='lat'>520.</span> <span class='ocrx_word' id='word_1_222' title='bbox 787 4197 794 4259; x_wconf 74' lang='lat' dir='ltr'>t</span> <span class='ocrx_word' id='word_1_223' title='bbox 810 4195 842 4246; x_wconf 91' lang='grc' dir='ltr'>Ο.</span> <span class='ocrx_word' id='word_1_224' title='bbox 859 4197 920 4246; x_wconf 91' lang='lat' dir='ltr'>lnd.</span> <span class='ocrx_word' id='word_1_225' title='bbox 935 4196 1030 4247; x_wconf 69' lang='lat' dir='ltr'>secate</span> <span class='ocrx_word' id='word_1_226' title='bbox 1047 4197 1062 4247; x_wconf 88' lang='lat'><strong>3</strong></span> <span class='ocrx_word' id='word_1_227' title='bbox 1080 4209 1132 4261; x_wconf 85' lang='lat' dir='ltr'>sg;</span> <span class='ocrx_word' id='word_1_228' title='bbox 1148 4197 1187 4260; x_wconf 84' lang='lat' dir='ltr'>gk</span> <span class='ocrx_word' id='word_1_229' title='bbox 1200 4197 1305 4262; x_wconf 72' lang='grc' dir='ltr'><strong>ἕπεται).</strong></span> 
     </span>
    </p>
   </div>
   <div class='ocr_carea' id='block_1_4' title="bbox 396 4271 1557 4404">
    <p class='ocr_par' dir='ltr' id='par_1_6' title="bbox 396 4271 1557 4404">
     <span class='ocr_line' id='line_1_31' title="bbox 421 4271 1557 4342; baseline -0.001 -15"><span class='ocrx_word' id='word_1_230' title='bbox 421 4279 447 4327; x_wconf 77' lang='grc'>2.</span> <span class='ocrx_word' id='word_1_231' title='bbox 473 4277 503 4327; x_wconf 90' lang='grc' dir='ltr'>Ζ.</span> <span class='ocrx_word' id='word_1_232' title='bbox 531 4277 574 4328; x_wconf 76' lang='lat'>3‘21</span> <span class='ocrx_word' id='word_1_233' title='bbox 599 4271 697 4342; x_wconf 74' lang='grc' dir='ltr'>(τεύχεα</span> <span class='ocrx_word' id='word_1_234' title='bbox 721 4275 820 4340; x_wconf 76' lang='grc' dir='ltr'>ἕπων);</span> <span class='ocrx_word' id='word_1_235' title='bbox 843 4276 878 4326; x_wconf 91' lang='grc' dir='ltr'>Ο.</span> <span class='ocrx_word' id='word_1_236' title='bbox 907 4277 972 4337; x_wconf 84' lang='grc'>555;</span> <span class='ocrx_word' id='word_1_237' title='bbox 1002 4277 1036 4327; x_wconf 88' lang='grc' dir='ltr'>Κ.</span> <span class='ocrx_word' id='word_1_238' title='bbox 1067 4277 1136 4336; x_wconf 83' lang='lat'><strong>516;</strong></span> <span class='ocrx_word' id='word_1_239' title='bbox 1169 4296 1194 4340; x_wconf 89' lang='grc' dir='ltr'>μ.</span> <span class='ocrx_word' id='word_1_240' title='bbox 1221 4278 1277 4330; x_wconf 73' lang='grc'>209.</span> <span class='ocrx_word' id='word_1_241' title='bbox 1299 4277 1341 4328; x_wconf 83' lang='lat' dir='ltr'>Cf.</span> <span class='ocrx_word' id='word_1_242' title='bbox 1360 4279 1557 4339; x_wconf 75' lang='lat' dir='ltr'>AUTENRIETH,</span> 
     </span>
     <span class='ocr_line' id='line_1_32' title="bbox 396 4350 1009 4404; baseline 0.003 -3"><span class='ocrx_word' id='word_1_243' title='bbox 396 4351 585 4404; x_wconf 81' lang='lat' dir='ltr'>Worterbuch</span> <span class='ocrx_word' id='word_1_244' title='bbox 601 4365 637 4402; x_wconf 84' lang='lat' dir='ltr'>zu</span> <span class='ocrx_word' id='word_1_245' title='bbox 654 4353 712 4402; x_wconf 82' lang='lat' dir='ltr'>den</span> <span class='ocrx_word' id='word_1_246' title='bbox 725 4350 815 4402; x_wconf 82' lang='lat' dir='ltr'>Hom.</span> <span class='ocrx_word' id='word_1_247' title='bbox 835 4350 1009 4403; x_wconf 81' lang='lat' dir='ltr'>Gedtchten.</span> 
     </span>
    </p>
   </div>
   <div class='ocr_carea' id='block_1_5' title="bbox 390 4430 1560 4964">
    <p class='ocr_par' dir='ltr' id='par_1_7' title="bbox 421 4430 1398 4496">
     <span class='ocr_line' id='line_1_33' title="bbox 421 4430 1398 4496; baseline 0.001 -13"><span class='ocrx_word' id='word_1_248' title='bbox 421 4433 447 4483; x_wconf 88' lang='grc'>3.</span> <span class='ocrx_word' id='word_1_249' title='bbox 471 4433 551 4489; x_wconf 84' lang='lat' dir='ltr'>Knu,</span> <span class='ocrx_word' id='word_1_250' title='bbox 565 4430 761 4482; x_wconf 82' lang='lat' dir='ltr'>Grammatici</span> <span class='ocrx_word' id='word_1_251' title='bbox 775 4430 866 4482; x_wconf 81' lang='lat' dir='ltr'>latini</span> <span class='ocrx_word' id='word_1_252' title='bbox 882 4443 912 4489; x_wconf 88' lang='lat' dir='ltr'>u,</span> <span class='ocrx_word' id='word_1_253' title='bbox 929 4432 1019 4483; x_wconf 85' lang='lat' dir='ltr'>Prisc.</span> <span class='ocrx_word' id='word_1_254' title='bbox 1038 4432 1111 4484; x_wconf 79' lang='lat' dir='ltr'>inst.</span> <span class='ocrx_word' id='word_1_255' title='bbox 1128 4433 1234 4495; x_wconf 71' lang='lat' dir='ltr'>vu1.29,</span> <span class='ocrx_word' id='word_1_256' title='bbox 1250 4447 1279 4496; x_wconf 89' lang='lat' dir='ltr'>p.</span> <span class='ocrx_word' id='word_1_257' title='bbox 1299 4433 1398 4486; x_wconf 67' lang='lat'>39621.</span> 
     </span>
    </p>

    <p class='ocr_par' dir='ltr' id='par_1_8' title="bbox 421 4510 1289 4575">
     <span class='ocr_line' id='line_1_34' title="bbox 421 4510 1289 4575; baseline 0.002 -13"><span class='ocrx_word' id='word_1_258' title='bbox 421 4513 447 4565; x_wconf 77' lang='lat' dir='ltr'>t.</span> <span class='ocrx_word' id='word_1_259' title='bbox 463 4515 594 4562; x_wconf 73' lang='lat' dir='ltr'>anunnn</span> <span class='ocrx_word' id='word_1_260' title='bbox 606 4523 641 4560; x_wconf 83' lang='lat' dir='ltr'>nr</span> <span class='ocrx_word' id='word_1_261' title='bbox 658 4511 798 4568; x_wconf 81' lang='lat' dir='ltr'>Gonnznn,</span> <span class='ocrx_word' id='word_1_262' title='bbox 812 4510 948 4562; x_wconf 82' lang='lat' dir='ltr'>Gramm.</span> <span class='ocrx_word' id='word_1_263' title='bbox 969 4524 1066 4575; x_wconf 85' lang='lat' dir='ltr'>comp.</span> <span class='ocrx_word' id='word_1_264' title='bbox 1083 4524 1111 4571; x_wconf 88' lang='lat'>11,</span> <span class='ocrx_word' id='word_1_265' title='bbox 1125 4516 1137 4572; x_wconf 67' lang='lat' dir='ltr'>fi</span> <span class='ocrx_word' id='word_1_266' title='bbox 1154 4512 1237 4564; x_wconf 72' lang='lat' dir='ltr'>atone</span> <span class='ocrx_word' id='word_1_267' title='bbox 1248 4524 1289 4564; x_wconf 86' lang='lat' dir='ltr'>ur.</span> 
     </span>
    </p>

    <p class='ocr_par' dir='ltr' id='par_1_9' title="bbox 390 4590 1558 4805">
     <span class='ocr_line' id='line_1_35' title="bbox 421 4590 1558 4658; baseline 0.001 -14"><span class='ocrx_word' id='word_1_268' title='bbox 421 4596 447 4644; x_wconf 88' lang='lat'>5.</span> <span class='ocrx_word' id='word_1_269' title='bbox 469 4590 574 4643; x_wconf 74' lang='lat' dir='ltr'>Bndnn.</span> <span class='ocrx_word' id='word_1_270' title='bbox 600 4591 689 4642; x_wconf 78' lang='lat' dir='ltr'>Esset</span> <span class='ocrx_word' id='word_1_271' title='bbox 711 4591 964 4655; x_wconf 60' lang='lat' dir='ltr'>detrimentique,</span> <span class='ocrx_word' id='word_1_272' title='bbox 986 4606 1016 4656; x_wconf 89' lang='lat' dir='ltr'>p.</span> <span class='ocrx_word' id='word_1_273' title='bbox 1037 4593 1093 4643; x_wconf 78' lang='lat'>217.</span> <span class='ocrx_word' id='word_1_274' title='bbox 1121 4592 1268 4657; x_wconf 83' lang='lat' dir='ltr'>«Sequor</span> <span class='ocrx_word' id='word_1_275' title='bbox 1296 4593 1435 4658; x_wconf 82' lang='lat' dir='ltr'>signifiait</span> <span class='ocrx_word' id='word_1_276' title='bbox 1451 4593 1558 4646; x_wconf 72' lang='lat' dir='ltr'>littera-</span> 
     </span>
     <span class='ocr_line' id='line_1_36' title="bbox 390 4666 1558 4734; baseline 0.003 -16"><span class='ocrx_word' id='word_1_277' title='bbox 390 4669 495 4719; x_wconf 84' lang='lat' dir='ltr'>lement</span> <span class='ocrx_word' id='word_1_278' title='bbox 508 4669 538 4729; x_wconf 86' lang='lat' dir='ltr'>je</span> <span class='ocrx_word' id='word_1_279' title='bbox 552 4667 699 4717; x_wconf 82' lang='lat' dir='ltr'>m&#39;attache</span> <span class='ocrx_word' id='word_1_280' title='bbox 713 4684 724 4713; x_wconf 77' lang='lat' dir='ltr'>n</span> <span class='ocrx_word' id='word_1_281' title='bbox 742 4682 748 4724; x_wconf 92' lang='lat'><em>;</em></span> <span class='ocrx_word' id='word_1_282' title='bbox 762 4666 782 4715; x_wconf 91' lang='lat' dir='ltr'>il</span> <span class='ocrx_word' id='word_1_283' title='bbox 798 4667 968 4730; x_wconf 86' lang='lat' dir='ltr'>correspond</span> <span class='ocrx_word' id='word_1_284' title='bbox 981 4681 1017 4717; x_wconf 89' lang='lat' dir='ltr'>au</span> <span class='ocrx_word' id='word_1_285' title='bbox 1027 4680 1093 4730; x_wconf 82' lang='lat' dir='ltr'>grec</span> <span class='ocrx_word' id='word_1_286' title='bbox 1107 4668 1199 4732; x_wconf 78' lang='grc' dir='ltr'>ἕπομαι</span> <span class='ocrx_word' id='word_1_287' title='bbox 1215 4669 1262 4732; x_wconf 90' lang='lat' dir='ltr'>qui</span> <span class='ocrx_word' id='word_1_288' title='bbox 1276 4670 1365 4732; x_wconf 85' lang='lat' dir='ltr'>prend</span> <span class='ocrx_word' id='word_1_289' title='bbox 1381 4670 1462 4734; x_wconf 70' lang='lat' dir='ltr'>apres</span> <span class='ocrx_word' id='word_1_290' title='bbox 1475 4670 1515 4720; x_wconf 92' lang='lat' dir='ltr'>lui</span> <span class='ocrx_word' id='word_1_291' title='bbox 1532 4671 1558 4722; x_wconf 87' lang='lat' dir='ltr'>le</span> 
     </span>
     <span class='ocr_line' id='line_1_37' title="bbox 392 4741 1165 4805; baseline -0.003 -12"><span class='ocrx_word' id='word_1_292' title='bbox 392 4744 474 4794; x_wconf 82' lang='lat' dir='ltr'>datis.</span> <span class='ocrx_word' id='word_1_293' title='bbox 495 4743 566 4792; x_wconf 83' lang='lat' dir='ltr'>Mais</span> <span class='ocrx_word' id='word_1_294' title='bbox 579 4755 614 4792; x_wconf 94' lang='lat' dir='ltr'>on</span> <span class='ocrx_word' id='word_1_295' title='bbox 626 4755 642 4792; x_wconf 85' lang='lat' dir='ltr'>a</span> <span class='ocrx_word' id='word_1_296' title='bbox 654 4741 696 4791; x_wconf 87' lang='lat' dir='ltr'>dit</span> <span class='ocrx_word' id='word_1_297' title='bbox 707 4741 791 4804; x_wconf 79' lang='lat' dir='ltr'>sequi</span> <span class='ocrx_word' id='word_1_298' title='bbox 808 4741 896 4805; x_wconf 73' lang='lat' dir='ltr'>seras,</span> <span class='ocrx_word' id='word_1_299' title='bbox 910 4743 994 4804; x_wconf 79' lang='lat' dir='ltr'>sequi</span> <span class='ocrx_word' id='word_1_300' title='bbox 1007 4744 1165 4794; x_wconf 81' lang='lat' dir='ltr'>uirtutem.</span> 
     </span>
    </p>

    <p class='ocr_par' dir='ltr' id='par_1_10' title="bbox 392 4821 1560 4964">
     <span class='ocr_line' id='line_1_38' title="bbox 422 4821 1560 4888; baseline 0.003 -14"><span class='ocrx_word' id='word_1_301' title='bbox 422 4825 447 4874; x_wconf 83' lang='grc'>6.</span> <span class='ocrx_word' id='word_1_302' title='bbox 473 4821 629 4873; x_wconf 79' lang='lat' dir='ltr'>«Secundo</span> <span class='ocrx_word' id='word_1_303' title='bbox 643 4821 741 4872; x_wconf 85' lang='lat' dir='ltr'>defluit</span> <span class='ocrx_word' id='word_1_304' title='bbox 757 4821 831 4869; x_wconf 86' lang='lat' dir='ltr'>amni</span> <span class='ocrx_word' id='word_1_305' title='bbox 844 4838 855 4867; x_wconf 79' lang='lat' dir='ltr'>n</span> <span class='ocrx_word' id='word_1_306' title='bbox 874 4822 959 4884; x_wconf 86' lang='lat' dir='ltr'>Verg.</span> <span class='ocrx_word' id='word_1_307' title='bbox 977 4822 1011 4874; x_wconf 89' lang='lat' dir='ltr'>G.</span> <span class='ocrx_word' id='word_1_308' title='bbox 1029 4823 1106 4873; x_wconf 67' lang='lat' dir='ltr'>atu</span> <span class='ocrx_word' id='word_1_309' title='bbox 1120 4837 1127 4884; x_wconf 80' lang='lat'>3</span> <span class='ocrx_word' id='word_1_310' title='bbox 1143 4824 1181 4873; x_wconf 87' lang='lat' dir='ltr'>cf.</span> <span class='ocrx_word' id='word_1_311' title='bbox 1204 4823 1276 4875; x_wconf 80' lang='lat' dir='ltr'>AEn.</span> <span class='ocrx_word' id='word_1_312' title='bbox 1297 4825 1383 4888; x_wconf 78' lang='lat'>7.494;</span> <span class='ocrx_word' id='word_1_313' title='bbox 1402 4842 1414 4872; x_wconf 90' lang='lat'>«</span> <span class='ocrx_word' id='word_1_314' title='bbox 1428 4825 1560 4877; x_wconf 86' lang='lat' dir='ltr'>secundis</span> 
     </span>
     <span class='ocr_line' id='line_1_39' title="bbox 392 4895 1523 4964; baseline 0.004 -16"><span class='ocrx_word' id='word_1_315' title='bbox 392 4898 484 4949; x_wconf 82' lang='lat' dir='ltr'>uentis</span> <span class='ocrx_word' id='word_1_316' title='bbox 499 4914 511 4944; x_wconf 73' lang='lat' dir='ltr'>t&gt;</span> <span class='ocrx_word' id='word_1_317' title='bbox 525 4898 584 4950; x_wconf 84' lang='lat' dir='ltr'>Cic.</span> <span class='ocrx_word' id='word_1_318' title='bbox 600 4895 704 4948; x_wconf 81' lang='lat' dir='ltr'>Plano.</span> <span class='ocrx_word' id='word_1_319' title='bbox 725 4897 772 4958; x_wconf 81' lang='lat'>393</span> <span class='ocrx_word' id='word_1_320' title='bbox 791 4895 859 4946; x_wconf 73' lang='lat' dir='ltr'>«Me</span> <span class='ocrx_word' id='word_1_321' title='bbox 875 4896 903 4945; x_wconf 93' lang='lat' dir='ltr'>in</span> <span class='ocrx_word' id='word_1_322' title='bbox 918 4898 974 4947; x_wconf 73' lang='lat' dir='ltr'>tuit</span> <span class='ocrx_word' id='word_1_323' title='bbox 988 4898 1119 4948; x_wconf 83' lang='lat' dir='ltr'>secundis</span> <span class='ocrx_word' id='word_1_324' title='bbox 1135 4899 1270 4964; x_wconf 81' lang='lat' dir='ltr'>respice»</span> <span class='ocrx_word' id='word_1_325' title='bbox 1291 4902 1354 4951; x_wconf 85' lang='lat' dir='ltr'>Ter.</span> <span class='ocrx_word' id='word_1_326' title='bbox 1370 4901 1451 4953; x_wconf 83' lang='lat' dir='ltr'>And.</span> <span class='ocrx_word' id='word_1_327' title='bbox 1467 4903 1523 4954; x_wconf 81' lang='lat'>975.</span> 
     </span>
    </p>
   </div>
   <div class='ocr_carea' id='block_1_6' title="bbox 0 0 1784 5342">
    <p class='ocr_par' dir='ltr' id='par_1_11' title="bbox 0 0 1784 5342">
     <span class='ocr_line' id='line_1_40' title="bbox 0 0 1784 5342; baseline 0 0"><span class='ocrx_word' id='word_1_328' title='bbox 0 0 1784 5342; x_wconf 95' lang='lat' dir='ltr'> </span> 
     </span>
    </p>
   </div>
  </div>
 </body>
</html>
