<?xml version="1.0" encoding="UTF-8"?>
<!DOCTYPE html PUBLIC "-//W3C//DTD XHTML 1.0 Transitional//EN"
    "http://www.w3.org/TR/xhtml1/DTD/xhtml1-transitional.dtd">
<html xmlns="http://www.w3.org/1999/xhtml" xml:lang="en" lang="en">
 <head>
  <title>
</title>
<meta http-equiv="Content-Type" content="text/html;charset=utf-8" />
  <meta name='ocr-system' content='tesseract 3.04.00' />
  <meta name='ocr-capabilities' content='ocr_page ocr_carea ocr_par ocr_line ocrx_word'/>
</head>
<body>
  <div class='ocr_page' id='page_1' title='image "./degerundivietge01bayagoog_0029.png"; bbox 0 0 3534 5342; ppageno 0'>
   <div class='ocr_carea' id='block_1_1' title="bbox 451 498 1324 568">
    <p class='ocr_par' dir='ltr' id='par_1_1' title="bbox 451 498 1324 568">
     <span class='ocr_line' id='line_1_1' title="bbox 451 498 1324 568; baseline 0.002 -20"><span class='ocrx_word' id='word_1_1' title='bbox 451 498 489 558; x_wconf 74' lang='lat'><em>14</em></span> <span class='ocrx_word' id='word_1_2' title='bbox 737 503 783 550; x_wconf 71' lang='lat' dir='ltr'><em>DE</em></span> <span class='ocrx_word' id='word_1_3' title='bbox 808 501 997 552; x_wconf 73' lang='lat' dir='ltr'><em>canonum</em></span> <span class='ocrx_word' id='word_1_4' title='bbox 1022 503 1057 548; x_wconf 86' lang='lat' dir='ltr'><em>vt</em></span> <span class='ocrx_word' id='word_1_5' title='bbox 1082 501 1324 568; x_wconf 66' lang='lat' dir='ltr'><em>mmomssmt</em></span> 
     </span>
    </p>
   </div>
   <div class='ocr_carea' id='block_1_2' title="bbox 382 727 1621 3952">
    <p class='ocr_par' dir='ltr' id='par_1_2' title="bbox 382 727 1621 3952">
     <span class='ocr_line' id='line_1_2' title="bbox 451 727 1616 825; baseline -0.003 -24"><span class='ocrx_word' id='word_1_6' title='bbox 451 728 588 801; x_wconf 90' lang='lat' dir='ltr'><em>dicetur</em></span> <span class='ocrx_word' id='word_1_7' title='bbox 607 728 730 819; x_wconf 85' lang='lat' dir='ltr'><em>modo,</em></span> <span class='ocrx_word' id='word_1_8' title='bbox 750 741 1044 825; x_wconf 88' lang='lat' dir='ltr'><em>assumpserunt;</em></span> <span class='ocrx_word' id='word_1_9' title='bbox 1072 741 1110 801; x_wconf 89' lang='lat' dir='ltr'><em>ut</em></span> <span class='ocrx_word' id='word_1_10' title='bbox 1128 740 1262 818; x_wconf 87' lang='lat' dir='ltr'><em>autem,</em></span> <span class='ocrx_word' id='word_1_11' title='bbox 1289 727 1415 802; x_wconf 88' lang='lat' dir='ltr'><em>ceteris</em></span> <span class='ocrx_word' id='word_1_12' title='bbox 1436 727 1616 825; x_wconf 90' lang='lat' dir='ltr'><em>passiuam</em></span> 
     </span>
     <span class='ocr_line' id='line_1_3' title="bbox 450 843 1619 942; baseline -0.003 -26"><span class='ocrx_word' id='word_1_13' title='bbox 450 843 752 942; x_wconf 75' lang='lat' dir='ltr'><em>significationem</em></span> <span class='ocrx_word' id='word_1_14' title='bbox 779 843 1061 933; x_wconf 59' lang='lat' dir='ltr'><em>assumentibus</em></span> <span class='ocrx_word' id='word_1_15' title='bbox 1083 843 1150 916; x_wconf 86' lang='lat' dir='ltr'><em>hae</em></span> <span class='ocrx_word' id='word_1_16' title='bbox 1178 843 1313 916; x_wconf 83' lang='lat' dir='ltr'><em>formae</em></span> <span class='ocrx_word' id='word_1_17' title='bbox 1344 843 1481 917; x_wconf 89' lang='lat' dir='ltr'><em>actiuae</em></span> <span class='ocrx_word' id='word_1_18' title='bbox 1505 869 1619 914; x_wconf 88' lang='lat' dir='ltr'><em>rema-</em></span> 
     </span>
     <span class='ocr_line' id='line_1_4' title="bbox 451 959 1618 1058; baseline 0 -28"><span class='ocrx_word' id='word_1_19' title='bbox 451 973 589 1049; x_wconf 83' lang='lat' dir='ltr'><strong>nerent,</strong></span> <span class='ocrx_word' id='word_1_20' title='bbox 622 959 708 1033; x_wconf 94' lang='lat' dir='ltr'><em>illud</em></span> <span class='ocrx_word' id='word_1_21' title='bbox 734 959 892 1032; x_wconf 82' lang='lat' dir='ltr'>maxime</span> <span class='ocrx_word' id='word_1_22' title='bbox 916 959 1032 1032; x_wconf 82' lang='lat' dir='ltr'><em>effecit</em></span> <span class='ocrx_word' id='word_1_23' title='bbox 1052 959 1149 1058; x_wconf 93' lang='lat' dir='ltr'><em>quod</em></span> <span class='ocrx_word' id='word_1_24' title='bbox 1174 973 1320 1057; x_wconf 89' lang='lat' dir='ltr'><em>propter</em></span> <span class='ocrx_word' id='word_1_25' title='bbox 1345 985 1450 1032; x_wconf 92' lang='lat' dir='ltr'><em>usum</em></span> <span class='ocrx_word' id='word_1_26' title='bbox 1470 959 1618 1031; x_wconf 87' lang='lat' dir='ltr'><em>attribu·</em></span> 
     </span>
     <span class='ocr_line' id='line_1_5' title="bbox 450 1074 1617 1174; baseline -0.005 -24"><span class='ocrx_word' id='word_1_27' title='bbox 450 1077 563 1150; x_wconf 91' lang='lat' dir='ltr'><em>tiuum</em></span> <span class='ocrx_word' id='word_1_28' title='bbox 594 1075 922 1174; x_wconf 84' lang='lat' dir='ltr'><em>frequentissimum</em></span> <span class='ocrx_word' id='word_1_29' title='bbox 945 1075 1062 1172; x_wconf 82' lang='lat' dir='ltr'><em>magis</em></span> <span class='ocrx_word' id='word_1_30' title='bbox 1090 1075 1265 1148; x_wconf 87' lang='lat' dir='ltr'><em>adiectiua</em></span> <span class='ocrx_word' id='word_1_31' title='bbox 1294 1101 1402 1174; x_wconf 89' lang='lat' dir='ltr'><em>quam</em></span> <span class='ocrx_word' id='word_1_32' title='bbox 1433 1074 1617 1173; x_wconf 85' lang='lat' dir='ltr'><em>participia</em></span> 
     </span>
     <span class='ocr_line' id='line_1_6' title="bbox 450 1188 1616 1290; baseline -0.004 -24"><span class='ocrx_word' id='word_1_33' title='bbox 450 1218 528 1266; x_wconf 91' lang='lat' dir='ltr'><em>esse</em></span> <span class='ocrx_word' id='word_1_34' title='bbox 544 1191 769 1264; x_wconf 88' lang='lat' dir='ltr'><em>uidebantur.</em></span> <span class='ocrx_word' id='word_1_35' title='bbox 789 1193 924 1290; x_wconf 90' lang='lat' dir='ltr'><em>ltaque,</em></span> <span class='ocrx_word' id='word_1_36' title='bbox 944 1191 1030 1263; x_wconf 93' lang='lat' dir='ltr'><em>dum</em></span> <span class='ocrx_word' id='word_1_37' title='bbox 1046 1191 1082 1262; x_wconf 94' lang='lat' dir='ltr'><em>in</em></span> <span class='ocrx_word' id='word_1_38' title='bbox 1092 1188 1325 1290; x_wconf 77' lang='lat' dir='ltr'><em>participiali</em></span> <span class='ocrx_word' id='word_1_39' title='bbox 1338 1217 1416 1281; x_wconf 87' lang='lat' dir='ltr'><em>usn,</em></span> <span class='ocrx_word' id='word_1_40' title='bbox 1434 1191 1616 1288; x_wconf 89' lang='lat' dir='ltr'><em>passiuum</em></span> 
     </span>
     <span class='ocr_line' id='line_1_7' title="bbox 450 1304 1615 1405; baseline -0.003 -24"><span class='ocrx_word' id='word_1_41' title='bbox 450 1333 597 1382; x_wconf 91' lang='lat' dir='ltr'><em>sensum</em></span> <span class='ocrx_word' id='word_1_42' title='bbox 623 1307 738 1379; x_wconf 81' lang='lat' dir='ltr'><em>forma</em></span> <span class='ocrx_word' id='word_1_43' title='bbox 760 1307 797 1378; x_wconf 92' lang='lat' dir='ltr'><em>in</em></span> <span class='ocrx_word' id='word_1_44' title='bbox 817 1308 952 1380; x_wconf 71' lang='lat' dir='ltr'><em>andus</em></span> <span class='ocrx_word' id='word_1_45' title='bbox 972 1308 1098 1400; x_wconf 86' lang='lat' dir='ltr'><em>(ardor</em></span> <span class='ocrx_word' id='word_1_46' title='bbox 1112 1304 1279 1405; x_wconf 85' lang='lat' dir='ltr'><em>serundo</em></span> <span class='ocrx_word' id='word_1_47' title='bbox 1295 1307 1429 1404; x_wconf 86' lang='lat' dir='ltr'><em>srueta</em></span> <span class='ocrx_word' id='word_1_48' title='bbox 1452 1306 1615 1405; x_wconf 69' lang='lat' dir='ltr'><em>peribit),</em></span> 
     </span>
     <span class='ocr_line' id='line_1_8' title="bbox 451 1420 1615 1520; baseline -0.003 -24"><span class='ocrx_word' id='word_1_49' title='bbox 451 1423 609 1496; x_wconf 89' lang='lat' dir='ltr'><em>actiuum</em></span> <span class='ocrx_word' id='word_1_50' title='bbox 643 1421 757 1495; x_wconf 82' lang='lat' dir='ltr'><em>forma</em></span> <span class='ocrx_word' id='word_1_51' title='bbox 782 1423 819 1493; x_wconf 92' lang='lat' dir='ltr'><em>in</em></span> <span class='ocrx_word' id='word_1_52' title='bbox 851 1449 934 1495; x_wconf 92' lang='lat' dir='ltr'><em>-ens</em></span> <span class='ocrx_word' id='word_1_53' title='bbox 968 1421 1099 1518; x_wconf 86' lang='lat' dir='ltr'><em>(arbor</em></span> <span class='ocrx_word' id='word_1_54' title='bbox 1121 1423 1253 1520; x_wconf 90' lang='lat' dir='ltr'><em>serens</em></span> <span class='ocrx_word' id='word_1_55' title='bbox 1284 1424 1445 1515; x_wconf 82' lang='lat' dir='ltr'><em>fractam</em></span> <span class='ocrx_word' id='word_1_56' title='bbox 1482 1420 1615 1515; x_wconf 81' lang='lat' dir='ltr'><em>nulla),</em></span> 
     </span>
     <span class='ocr_line' id='line_1_9' title="bbox 384 1537 1620 1638; baseline -0.005 -26"><span class='ocrx_word' id='word_1_57' title='bbox 384 1567 388 1572; x_wconf 92' lang='lat'><em>·</em></span> <span class='ocrx_word' id='word_1_58' title='bbox 450 1553 615 1638; x_wconf 88' lang='lat' dir='ltr'><em>occupat,</em></span> <span class='ocrx_word' id='word_1_59' title='bbox 651 1539 718 1612; x_wconf 87' lang='lat' dir='ltr'><em>hae</em></span> <span class='ocrx_word' id='word_1_60' title='bbox 757 1538 906 1628; x_wconf 85' lang='lat' dir='ltr'><em>formae,</em></span> <span class='ocrx_word' id='word_1_61' title='bbox 949 1537 1162 1611; x_wconf 86' lang='lat' dir='ltr'><em>attributiue</em></span> <span class='ocrx_word' id='word_1_62' title='bbox 1202 1549 1266 1610; x_wconf 89' lang='lat' dir='ltr'><em>aut</em></span> <span class='ocrx_word' id='word_1_63' title='bbox 1303 1537 1475 1610; x_wconf 84' lang='lat' dir='ltr'><em>adiectiae</em></span> <span class='ocrx_word' id='word_1_64' title='bbox 1501 1547 1620 1609; x_wconf 84' lang='lat' dir='ltr'><em>‘asur-</em></span> 
     </span>
     <span class='ocr_line' id='line_1_10' title="bbox 445 1643 1617 1754; baseline -0.003 -28"><span class='ocrx_word' id='word_1_65' title='bbox 445 1666 559 1754; x_wconf 82' lang='lat' dir='ltr'><em>patae</em></span> <span class='ocrx_word' id='word_1_66' title='bbox 579 1652 748 1746; x_wconf 85' lang='lat' dir='ltr'><em>(secunda</em></span> <span class='ocrx_word' id='word_1_67' title='bbox 767 1653 896 1753; x_wconf 89' lang='lat' dir='ltr'><em>spolia,</em></span> <span class='ocrx_word' id='word_1_68' title='bbox 919 1652 1096 1727; x_wconf 85' lang='lat' dir='ltr'><em>uoluenda</em></span> <span class='ocrx_word' id='word_1_69' title='bbox 1122 1664 1237 1742; x_wconf 89' lang='lat' dir='ltr'><em>aetas,</em></span> <span class='ocrx_word' id='word_1_70' title='bbox 1258 1665 1310 1724; x_wconf 90' lang='lat' dir='ltr'><em>est</em></span> <span class='ocrx_word' id='word_1_71' title='bbox 1323 1643 1389 1724; x_wconf 84' lang='lat' dir='ltr'><em>¹dis</em></span> <span class='ocrx_word' id='word_1_72' title='bbox 1413 1651 1617 1739; x_wconf 71' lang='lat' dir='ltr'><em>oriundas),</em></span> 
     </span>
     <span class='ocr_line' id='line_1_11' title="bbox 451 1767 1620 1866; baseline -0.002 -24"><span class='ocrx_word' id='word_1_73' title='bbox 451 1795 597 1842; x_wconf 90' lang='lat' dir='ltr'><em>sensum</em></span> <span class='ocrx_word' id='word_1_74' title='bbox 624 1772 782 1842; x_wconf 87' lang='lat' dir='ltr'><em>actiuum</em></span> <span class='ocrx_word' id='word_1_75' title='bbox 809 1795 929 1860; x_wconf 90' lang='lat' dir='ltr'><em>suum,</em></span> <span class='ocrx_word' id='word_1_76' title='bbox 958 1783 1189 1866; x_wconf 87' lang='lat' dir='ltr'><em>ueteremque</em></span> <span class='ocrx_word' id='word_1_77' title='bbox 1218 1767 1385 1866; x_wconf 78' lang='lat' dir='ltr'><em>figuram,</em></span> <span class='ocrx_word' id='word_1_78' title='bbox 1402 1768 1489 1857; x_wconf 87' lang='lat' dir='ltr'><em>atio,</em></span> <span class='ocrx_word' id='word_1_79' title='bbox 1512 1781 1553 1839; x_wconf 85' lang='lat' dir='ltr'><em>ut</em></span> <span class='ocrx_word' id='word_1_80' title='bbox 1569 1768 1620 1840; x_wconf 86' lang='lat' dir='ltr'><em>ita</em></span> 
     </span>
     <span class='ocr_line' id='line_1_12' title="bbox 450 1882 1619 1983; baseline -0.006 -24"><span class='ocrx_word' id='word_1_81' title='bbox 450 1885 594 1977; x_wconf 88' lang='lat' dir='ltr'><em>dicam,</em></span> <span class='ocrx_word' id='word_1_82' title='bbox 630 1887 918 1983; x_wconf 82' lang='lat' dir='ltr'><em>transferentes,</em></span> <span class='ocrx_word' id='word_1_83' title='bbox 954 1896 1201 1958; x_wconf 87' lang='lat' dir='ltr'><em>seruauerunt.</em></span> <span class='ocrx_word' id='word_1_84' title='bbox 1236 1929 1285 1938; x_wconf 90' lang='lat'>-</span> <span class='ocrx_word' id='word_1_85' title='bbox 1321 1884 1427 1976; x_wconf 85' lang='lat' dir='ltr'><em>Quod</em></span> <span class='ocrx_word' id='word_1_86' title='bbox 1462 1883 1510 1956; x_wconf 89' lang='lat' dir='ltr'><em>ita</em></span> <span class='ocrx_word' id='word_1_87' title='bbox 1543 1882 1619 1954; x_wconf 83' lang='lat' dir='ltr'><em>lieri</em></span> 
     </span>
     <span class='ocr_line' id='line_1_13' title="bbox 451 1999 1619 2099; baseline -0.005 -25"><span class='ocrx_word' id='word_1_88' title='bbox 451 2001 610 2099; x_wconf 88' lang='lat' dir='ltr'><em>potuisse</em></span> <span class='ocrx_word' id='word_1_89' title='bbox 629 2001 757 2073; x_wconf 90' lang='lat' dir='ltr'><em>similis</em></span> <span class='ocrx_word' id='word_1_90' title='bbox 777 2001 889 2074; x_wconf 86' lang='lat' dir='ltr'><em>nostri</em></span> <span class='ocrx_word' id='word_1_91' title='bbox 909 2000 1086 2074; x_wconf 88' lang='lat' dir='ltr'><em>sermonis</em></span> <span class='ocrx_word' id='word_1_92' title='bbox 1105 2025 1193 2072; x_wconf 90' lang='lat' dir='ltr'><em>usus</em></span> <span class='ocrx_word' id='word_1_93' title='bbox 1216 2000 1382 2073; x_wconf 86' lang='lat' dir='ltr'><em>ostendit.</em></span> <span class='ocrx_word' id='word_1_94' title='bbox 1409 1999 1500 2072; x_wconf 90' lang='lat' dir='ltr'><em>Nam</em></span> <span class='ocrx_word' id='word_1_95' title='bbox 1523 2012 1558 2071; x_wconf 88' lang='lat' dir='ltr'><em>et</em></span> <span class='ocrx_word' id='word_1_96' title='bbox 1580 1999 1619 2068; x_wconf 92' lang='lat' dir='ltr'><em>in</em></span> 
     </span>
     <span class='ocr_line' id='line_1_14' title="bbox 452 2115 1620 2216; baseline -0.001 -29"><span class='ocrx_word' id='word_1_97' title='bbox 452 2116 588 2189; x_wconf 88' lang='lat' dir='ltr'><em>Gallica</em></span> <span class='ocrx_word' id='word_1_98' title='bbox 605 2116 733 2214; x_wconf 78' lang='lat' dir='ltr'><em>lingua</em></span> <span class='ocrx_word' id='word_1_99' title='bbox 764 2142 881 2214; x_wconf 77' lang='lat' dir='ltr'><em>genus</em></span> <span class='ocrx_word' id='word_1_100' title='bbox 913 2116 1096 2216; x_wconf 83' lang='lat' dir='ltr'>quoddam</span> <span class='ocrx_word' id='word_1_101' title='bbox 1115 2115 1295 2214; x_wconf 88' lang='lat' dir='ltr'><em>participii</em></span> <span class='ocrx_word' id='word_1_102' title='bbox 1314 2115 1384 2188; x_wconf 89' lang='lat' dir='ltr'><em>alio</em></span> <span class='ocrx_word' id='word_1_103' title='bbox 1409 2115 1620 2187; x_wconf 83' lang='lat' dir='ltr'><em>excludente</em></span> 
     </span>
     <span class='ocr_line' id='line_1_15' title="bbox 450 2229 1620 2331; baseline -0.003 -27"><span class='ocrx_word' id='word_1_104' title='bbox 450 2232 568 2330; x_wconf 90' lang='lat' dir='ltr'><em>periit,</em></span> <span class='ocrx_word' id='word_1_105' title='bbox 605 2233 700 2331; x_wconf 88' lang='lat' dir='ltr'><em>quod</em></span> <span class='ocrx_word' id='word_1_106' title='bbox 732 2232 842 2304; x_wconf 85' lang='lat' dir='ltr'><em>fuisse</em></span> <span class='ocrx_word' id='word_1_107' title='bbox 876 2232 1058 2331; x_wconf 86' lang='lat' dir='ltr'><em>quondam</em></span> <span class='ocrx_word' id='word_1_108' title='bbox 1090 2246 1168 2305; x_wconf 87' lang='lat' dir='ltr'><em>orta</em></span> <span class='ocrx_word' id='word_1_109' title='bbox 1203 2259 1249 2305; x_wconf 84' lang='lat' dir='ltr'><em>ex</em></span> <span class='ocrx_word' id='word_1_110' title='bbox 1288 2257 1331 2304; x_wconf 91' lang='lat' dir='ltr'><em>eo</em></span> <span class='ocrx_word' id='word_1_111' title='bbox 1366 2229 1620 2318; x_wconf 85' lang='lat' dir='ltr'><em>¹adiectiuauel</em></span> 
     </span>
     <span class='ocr_line' id='line_1_16' title="bbox 453 2347 1621 2425; baseline -0.002 -7"><span class='ocrx_word' id='word_1_112' title='bbox 453 2348 679 2421; x_wconf 89' lang='lat' dir='ltr'><em>substantiua</em></span> <span class='ocrx_word' id='word_1_113' title='bbox 696 2348 841 2425; x_wconf 91' lang='lat' dir='ltr'><em>nomina</em></span> <span class='ocrx_word' id='word_1_114' title='bbox 859 2361 1047 2421; x_wconf 90' lang='lat' dir='ltr'><em>testantur.</em></span> <span class='ocrx_word' id='word_1_115' title='bbox 1072 2349 1126 2419; x_wconf 84' lang='lat' dir='ltr'><em>Ex</em></span> <span class='ocrx_word' id='word_1_116' title='bbox 1146 2349 1270 2422; x_wconf 86' lang='lat' dir='ltr'><em>eadem</em></span> <span class='ocrx_word' id='word_1_117' title='bbox 1289 2348 1385 2420; x_wconf 91' lang='lat' dir='ltr'><em>enim</em></span> <span class='ocrx_word' id='word_1_118' title='bbox 1404 2347 1522 2421; x_wconf 88' lang='lat' dir='ltr'><em>radice</em></span> <span class='ocrx_word' id='word_1_119' title='bbox 1541 2360 1621 2419; x_wconf 87' lang='lat' dir='ltr'><em>orta</em></span> 
     </span>
     <span class='ocr_line' id='line_1_17' title="bbox 382 2462 1618 2567; baseline -0.002 -31"><span class='ocrx_word' id='word_1_120' title='bbox 382 2559 385 2567; x_wconf 24' lang='grc' dir='ltr'>Ι</span> <span class='ocrx_word' id='word_1_121' title='bbox 451 2489 528 2536; x_wconf 90' lang='lat' dir='ltr'><em>esse</em></span> <span class='ocrx_word' id='word_1_122' title='bbox 561 2489 667 2537; x_wconf 89' lang='lat' dir='ltr'><em>nemo</em></span> <span class='ocrx_word' id='word_1_123' title='bbox 705 2464 820 2536; x_wconf 87' lang='lat' dir='ltr'><em>nescit</em></span> <span class='ocrx_word' id='word_1_124' title='bbox 851 2477 886 2537; x_wconf 86' lang='lat' dir='ltr'><em>et</em></span> <span class='ocrx_word' id='word_1_125' title='bbox 928 2463 1115 2562; x_wconf 88' lang='lat' dir='ltr'><em>partieipia</em></span> <span class='ocrx_word' id='word_1_126' title='bbox 1148 2465 1356 2564; x_wconf 75' lang='lat' dir='ltr'><em>differant,</em></span> <span class='ocrx_word' id='word_1_127' title='bbox 1388 2462 1618 2561; x_wconf 82' lang='lat' dir='ltr'><em>e&#39;qainalant,</em></span> 
     </span>
     <span class='ocr_line' id='line_1_18' title="bbox 451 2576 1618 2679; baseline -0.003 -29"><span class='ocrx_word' id='word_1_128' title='bbox 451 2578 703 2668; x_wconf 62' lang='lat' dir='ltr'><em>catellaneos</em></span> <span class='ocrx_word' id='word_1_129' title='bbox 728 2579 904 2652; x_wconf 90' lang='lat' dir='ltr'><em>adiectiua</em></span> <span class='ocrx_word' id='word_1_130' title='bbox 931 2579 993 2654; x_wconf 85' lang='lat' dir='ltr'><em>¹uel</em></span> <span class='ocrx_word' id='word_1_131' title='bbox 1022 2579 1167 2651; x_wconf 88' lang='lat' dir='ltr'><em>nomina</em></span> <span class='ocrx_word' id='word_1_132' title='bbox 1191 2579 1379 2679; x_wconf 80' lang='lat' dir='ltr'><em>different,</em></span> <span class='ocrx_word' id='word_1_133' title='bbox 1401 2576 1618 2676; x_wconf 77' lang='lat' dir='ltr'><em>equivalent,</em></span> 
     </span>
     <span class='ocr_line' id='line_1_19' title="bbox 452 2693 1621 2793; baseline -0.002 -27"><span class='ocrx_word' id='word_1_134' title='bbox 452 2694 640 2767; x_wconf 79' lang='lat' dir='ltr'><em>emeellent.</em></span> <span class='ocrx_word' id='word_1_135' title='bbox 662 2695 710 2766; x_wconf 80' lang='lat' dir='ltr'>m</span> <span class='ocrx_word' id='word_1_136' title='bbox 736 2708 888 2793; x_wconf 88' lang='lat' dir='ltr'><em>utraque</em></span> <span class='ocrx_word' id='word_1_137' title='bbox 916 2719 998 2767; x_wconf 91' lang='lat' dir='ltr'><em>oum</em></span> <span class='ocrx_word' id='word_1_138' title='bbox 1025 2721 1069 2768; x_wconf 87' lang='lat' dir='ltr'><em>ex</em></span> <span class='ocrx_word' id='word_1_139' title='bbox 1098 2696 1233 2769; x_wconf 84' lang='lat' dir='ltr'><em>eisdem</em></span> <span class='ocrx_word' id='word_1_140' title='bbox 1256 2694 1456 2793; x_wconf 84' lang='lat' dir='ltr'><em>participiis</em></span> <span class='ocrx_word' id='word_1_141' title='bbox 1485 2693 1621 2765; x_wconf 85' lang='lat' dir='ltr'><em>Latinis</em></span> 
     </span>
     <span class='ocr_line' id='line_1_20' title="bbox 452 2809 1618 2910; baseline -0.002 -29"><span class='ocrx_word' id='word_1_142' title='bbox 452 2810 488 2881; x_wconf 90' lang='lat' dir='ltr'><em>in</em></span> <span class='ocrx_word' id='word_1_143' title='bbox 501 2835 580 2882; x_wconf 90' lang='lat' dir='ltr'><em>-ens</em></span> <span class='ocrx_word' id='word_1_144' title='bbox 595 2810 840 2883; x_wconf 86' lang='lat' dir='ltr'><em>desinentibus</em></span> <span class='ocrx_word' id='word_1_145' title='bbox 855 2811 1034 2907; x_wconf 77' lang='lat' dir='ltr'><em>originem</em></span> <span class='ocrx_word' id='word_1_146' title='bbox 1048 2811 1216 2884; x_wconf 87' lang='lat' dir='ltr'><em>duxerint</em></span> <span class='ocrx_word' id='word_1_147' title='bbox 1235 2819 1296 2904; x_wconf 86' lang='lat' dir='ltr'><em>(sc.</em></span> <span class='ocrx_word' id='word_1_148' title='bbox 1313 2836 1358 2882; x_wconf 90' lang='lat' dir='ltr'><em>ex</em></span> <span class='ocrx_word' id='word_1_149' title='bbox 1373 2809 1618 2910; x_wconf 74' lang='lat' dir='ltr'><em>differentem,</em></span> 
     </span>
     <span class='ocr_line' id='line_1_21' title="bbox 451 2924 1619 3023; baseline -0.003 -25"><span class='ocrx_word' id='word_1_150' title='bbox 451 2924 752 3023; x_wconf 84' lang='lat' dir='ltr'><em>aequiaalentent,</em></span> <span class='ocrx_word' id='word_1_151' title='bbox 783 2926 1030 3019; x_wconf 80' lang='lat' dir='ltr'><em>eoecellentem)</em></span> <span class='ocrx_word' id='word_1_152' title='bbox 1060 2927 1137 2999; x_wconf 86' lang='lat' dir='ltr'><em>fieri</em></span> <span class='ocrx_word' id='word_1_153' title='bbox 1162 2925 1314 2999; x_wconf 84' lang='lat' dir='ltr'><em>debebat</em></span> <span class='ocrx_word' id='word_1_154' title='bbox 1343 2939 1381 2998; x_wconf 90' lang='lat' dir='ltr'><em>ut</em></span> <span class='ocrx_word' id='word_1_155' title='bbox 1407 2951 1479 2998; x_wconf 91' lang='lat' dir='ltr'><em>non</em></span> <span class='ocrx_word' id='word_1_156' title='bbox 1503 2924 1619 2997; x_wconf 91' lang='lat' dir='ltr'><em>solum</em></span> 
     </span>
     <span class='ocr_line' id='line_1_22' title="bbox 451 3041 1620 3139; baseline -0.002 -26"><span class='ocrx_word' id='word_1_157' title='bbox 451 3041 640 3130; x_wconf 87' lang='lat' dir='ltr'><em>adiectiua,</em></span> <span class='ocrx_word' id='word_1_158' title='bbox 663 3042 726 3114; x_wconf 88' lang='lat' dir='ltr'><em>sed</em></span> <span class='ocrx_word' id='word_1_159' title='bbox 750 3041 856 3114; x_wconf 86' lang='lat' dir='ltr'><em>etiam</em></span> <span class='ocrx_word' id='word_1_160' title='bbox 878 3042 1080 3139; x_wconf 86' lang='lat' dir='ltr'><em>partieipia,</em></span> <span class='ocrx_word' id='word_1_161' title='bbox 1107 3042 1144 3113; x_wconf 90' lang='lat' dir='ltr'><em>in</em></span> <span class='ocrx_word' id='word_1_162' title='bbox 1161 3055 1219 3115; x_wconf 93' lang='lat' dir='ltr'><em>ent</em></span> <span class='ocrx_word' id='word_1_163' title='bbox 1242 3041 1484 3115; x_wconf 85' lang='lat' dir='ltr'><em>desinerent¹.</em></span> <span class='ocrx_word' id='word_1_164' title='bbox 1515 3041 1620 3112; x_wconf 88' lang='lat' dir='ltr'><em>Nunc</em></span> 
     </span>
     <span class='ocr_line' id='line_1_23' title="bbox 451 3142 1620 3257; baseline -0.001 -29"><span class='ocrx_word' id='word_1_165' title='bbox 451 3157 595 3230; x_wconf 88' lang='lat' dir='ltr'><em>eumad</em></span> <span class='ocrx_word' id='word_1_166' title='bbox 614 3156 716 3229; x_wconf 92' lang='lat' dir='ltr'><em>uerbi</em></span> <span class='ocrx_word' id='word_1_167' title='bbox 735 3183 863 3230; x_wconf 90' lang='lat' dir='ltr'><em>amare</em></span> <span class='ocrx_word' id='word_1_168' title='bbox 882 3142 1168 3248; x_wconf 87' lang='lat' dir='ltr'><em>similitudinem,</em></span> <span class='ocrx_word' id='word_1_169' title='bbox 1190 3158 1349 3257; x_wconf 89' lang='lat' dir='ltr'><em>reliquae</em></span> <span class='ocrx_word' id='word_1_170' title='bbox 1365 3155 1620 3230; x_wconf 83' lang='lat' dir='ltr'><em>declinationes</em></span> 
     </span>
     <span class='ocr_line' id='line_1_24' title="bbox 451 3271 1619 3370; baseline -0.002 -26"><span class='ocrx_word' id='word_1_171' title='bbox 451 3271 774 3362; x_wconf 82' lang='lat' dir='ltr'><em>conformarentur,</em></span> <span class='ocrx_word' id='word_1_172' title='bbox 797 3271 930 3345; x_wconf 83' lang='lat' dir='ltr'><em>iactum</em></span> <span class='ocrx_word' id='word_1_173' title='bbox 957 3287 1011 3345; x_wconf 91' lang='lat' dir='ltr'><em>est</em></span> <span class='ocrx_word' id='word_1_174' title='bbox 1032 3273 1139 3346; x_wconf 92' lang='lat' dir='ltr'><em>etiam</em></span> <span class='ocrx_word' id='word_1_175' title='bbox 1162 3287 1202 3347; x_wconf 85' lang='lat' dir='ltr'><em>ut</em></span> <span class='ocrx_word' id='word_1_176' title='bbox 1221 3276 1266 3347; x_wconf 92' lang='lat' dir='ltr'><em>ad</em></span> <span class='ocrx_word' id='word_1_177' title='bbox 1282 3284 1464 3346; x_wconf 89' lang='lat' dir='ltr'><em>amantem</em></span> <span class='ocrx_word' id='word_1_178' title='bbox 1484 3271 1619 3370; x_wconf 90' lang='lat' dir='ltr'><em>reliqua</em></span> 
     </span>
     <span class='ocr_line' id='line_1_25' title="bbox 451 3387 1620 3487; baseline -0.002 -27"><span class='ocrx_word' id='word_1_179' title='bbox 451 3387 638 3485; x_wconf 87' lang='lat' dir='ltr'><em>partieipia</em></span> <span class='ocrx_word' id='word_1_180' title='bbox 658 3389 778 3460; x_wconf 90' lang='lat' dir='ltr'><em>omnia</em></span> <span class='ocrx_word' id='word_1_181' title='bbox 797 3388 1093 3462; x_wconf 82' lang='lat' dir='ltr'><em>reformarentur.</em></span> <span class='ocrx_word' id='word_1_182' title='bbox 1113 3389 1213 3482; x_wconf 84' lang='lat' dir='ltr'><em>Quae</em></span> <span class='ocrx_word' id='word_1_183' title='bbox 1228 3388 1447 3478; x_wconf 85' lang='lat' dir='ltr'><em>reformatio,</em></span> <span class='ocrx_word' id='word_1_184' title='bbox 1465 3388 1560 3487; x_wconf 89' lang='lat' dir='ltr'><em>quod</em></span> <span class='ocrx_word' id='word_1_185' title='bbox 1574 3387 1620 3458; x_wconf 90' lang='lat' dir='ltr'><em>ad</em></span> 
     </span>
     <span class='ocr_line' id='line_1_26' title="bbox 451 3503 1617 3604; baseline 0 -30"><span class='ocrx_word' id='word_1_186' title='bbox 451 3503 639 3601; x_wconf 88' lang='lat' dir='ltr'><em>partieipia</em></span> <span class='ocrx_word' id='word_1_187' title='bbox 654 3504 794 3593; x_wconf 84' lang='lat' dir='ltr'><em>attinet,</em></span> <span class='ocrx_word' id='word_1_188' title='bbox 813 3505 860 3577; x_wconf 89' lang='lat' dir='ltr'><em>ita</em></span> <span class='ocrx_word' id='word_1_189' title='bbox 878 3504 1088 3602; x_wconf 87' lang='lat' dir='ltr'><em>principalis</em></span> <span class='ocrx_word' id='word_1_190' title='bbox 1112 3520 1217 3604; x_wconf 87' lang='lat' dir='ltr'><em>atque</em></span> <span class='ocrx_word' id='word_1_191' title='bbox 1239 3505 1408 3576; x_wconf 90' lang='lat' dir='ltr'><em>uniuersa</em></span> <span class='ocrx_word' id='word_1_192' title='bbox 1435 3505 1472 3576; x_wconf 92' lang='lat' dir='ltr'><em>in</em></span> <span class='ocrx_word' id='word_1_193' title='bbox 1497 3517 1617 3576; x_wconf 91' lang='lat' dir='ltr'><em>nostro</em></span> 
     </span>
     <span class='ocr_line' id='line_1_27' title="bbox 452 3619 1619 3718; baseline -0.002 -27"><span class='ocrx_word' id='word_1_194' title='bbox 452 3644 617 3691; x_wconf 88' lang='lat' dir='ltr'><em>sermone</em></span> <span class='ocrx_word' id='word_1_195' title='bbox 653 3619 718 3692; x_wconf 85' lang='lat' dir='ltr'><em>tuit</em></span> <span class='ocrx_word' id='word_1_196' title='bbox 735 3676 744 3711; x_wconf 88' lang='lat'><em>,</em></span> <span class='ocrx_word' id='word_1_197' title='bbox 778 3633 817 3692; x_wconf 92' lang='lat' dir='ltr'><em>ut</em></span> <span class='ocrx_word' id='word_1_198' title='bbox 852 3620 991 3692; x_wconf 90' lang='lat' dir='ltr'><em>nullum</em></span> <span class='ocrx_word' id='word_1_199' title='bbox 1039 3621 1238 3718; x_wconf 88' lang='lat' dir='ltr'><em>reperiatur</em></span> <span class='ocrx_word' id='word_1_200' title='bbox 1277 3620 1455 3718; x_wconf 87' lang='lat' dir='ltr'><em>participii</em></span> <span class='ocrx_word' id='word_1_201' title='bbox 1489 3619 1525 3690; x_wconf 90' lang='lat' dir='ltr'><em>in</em></span> <span class='ocrx_word' id='word_1_202' title='bbox 1561 3630 1619 3689; x_wconf 92' lang='lat' dir='ltr'><em>ent</em></span> 
     </span>
     <span class='ocr_line' id='line_1_28' title="bbox 451 3733 1619 3834; baseline -0.001 -27"><span class='ocrx_word' id='word_1_203' title='bbox 451 3733 647 3807; x_wconf 88' lang='lat' dir='ltr'><em>desinentis</em></span> <span class='ocrx_word' id='word_1_204' title='bbox 677 3735 893 3833; x_wconf 77' lang='lat' dir='ltr'><em>uestigium,</em></span> <span class='ocrx_word' id='word_1_205' title='bbox 925 3735 994 3808; x_wconf 88' lang='lat' dir='ltr'><em>nisi</em></span> <span class='ocrx_word' id='word_1_206' title='bbox 1025 3737 1121 3834; x_wconf 86' lang='lat' dir='ltr'><em>quod</em></span> <span class='ocrx_word' id='word_1_207' title='bbox 1150 3736 1330 3809; x_wconf 84' lang='lat' dir='ltr'><em>adieetiaa</em></span> <span class='ocrx_word' id='word_1_208' title='bbox 1365 3735 1545 3834; x_wconf 85' lang='lat' dir='ltr'><em>quaedam</em></span> <span class='ocrx_word' id='word_1_209' title='bbox 1576 3759 1619 3807; x_wconf 91' lang='lat' dir='ltr'><em>ae</em></span> 
     </span>
     <span class='ocr_line' id='line_1_29' title="bbox 451 3850 1614 3952; baseline -0.001 -30"><span class='ocrx_word' id='word_1_210' title='bbox 451 3850 680 3922; x_wconf 86' lang='lat' dir='ltr'><em>snbstantiaa</em></span> <span class='ocrx_word' id='word_1_211' title='bbox 716 3851 871 3941; x_wconf 88' lang='lat' dir='ltr'><em>nomina,</em></span> <span class='ocrx_word' id='word_1_212' title='bbox 898 3850 997 3924; x_wconf 93' lang='lat' dir='ltr'><em>uelut</em></span> <span class='ocrx_word' id='word_1_213' title='bbox 1028 3877 1069 3924; x_wconf 84' lang='lat' dir='ltr'><em>ea</em></span> <span class='ocrx_word' id='word_1_214' title='bbox 1099 3877 1191 3952; x_wconf 85' lang='lat' dir='ltr'><em>quae</em></span> <span class='ocrx_word' id='word_1_215' title='bbox 1219 3852 1325 3951; x_wconf 90' lang='lat' dir='ltr'><em>paulo</em></span> <span class='ocrx_word' id='word_1_216' title='bbox 1358 3866 1440 3924; x_wconf 87' lang='lat' dir='ltr'><em>aute</em></span> <span class='ocrx_word' id='word_1_217' title='bbox 1472 3850 1614 3949; x_wconf 85' lang='lat' dir='ltr'><em>protuli,</em></span> 
     </span>
    </p>
   </div>
   <div class='ocr_carea' id='block_1_3' title="bbox 972 4068 1617 4080">
    <p class='ocr_par' dir='ltr' id='par_1_3' title="bbox 972 4068 1617 4080">
     <span class='ocr_line' id='line_1_30' title="bbox 972 4068 1617 4080; baseline -0.002 0"><span class='ocrx_word' id='word_1_218' title='bbox 972 4068 1617 4080; x_wconf 46' lang='grc' dir='ltr'><em>-ιι--ι--ι--ιιι--ι--ι--ῄ--ι</em></span> 
     </span>
    </p>
   </div>
   <div class='ocr_carea' id='block_1_4' title="bbox 452 4199 1619 4855">
    <p class='ocr_par' dir='ltr' id='par_1_4' title="bbox 452 4199 1619 4855">
     <span class='ocr_line' id='line_1_31' title="bbox 483 4199 1617 4266; baseline 0.003 -16"><span class='ocrx_word' id='word_1_219' title='bbox 483 4200 506 4250; x_wconf 86' lang='grc'><em>1.</em></span> <span class='ocrx_word' id='word_1_220' title='bbox 527 4199 566 4249; x_wconf 80' lang='lat' dir='ltr'><em>Gi.</em></span> <span class='ocrx_word' id='word_1_221' title='bbox 589 4199 715 4258; x_wconf 73' lang='lat' dir='ltr'><em>Biennos,</em></span> <span class='ocrx_word' id='word_1_222' title='bbox 741 4199 876 4251; x_wconf 82' lang='lat' dir='ltr'><em>Gratum.</em></span> <span class='ocrx_word' id='word_1_223' title='bbox 894 4200 1026 4252; x_wconf 83' lang='lat' dir='ltr'><em>Histoire</em></span> <span class='ocrx_word' id='word_1_224' title='bbox 1047 4201 1083 4252; x_wconf 84' lang='lat' dir='ltr'><em>de</em></span> <span class='ocrx_word' id='word_1_225' title='bbox 1101 4201 1128 4252; x_wconf 88' lang='lat' dir='ltr'><em>ta</em></span> <span class='ocrx_word' id='word_1_226' title='bbox 1146 4201 1255 4265; x_wconf 74' lang='lat' dir='ltr'><em>tanqua</em></span> <span class='ocrx_word' id='word_1_227' title='bbox 1269 4201 1427 4266; x_wconf 70' lang='lat' dir='ltr'><em>franceise,</em></span> <span class='ocrx_word' id='word_1_228' title='bbox 1448 4206 1460 4262; x_wconf 63' lang='grc' dir='ltr'><strong>ἕ</strong></span> <span class='ocrx_word' id='word_1_229' title='bbox 1477 4203 1532 4254; x_wconf 86' lang='grc'><strong>359.</strong></span> <span class='ocrx_word' id='word_1_230' title='bbox 1555 4205 1617 4253; x_wconf 83' lang='lat' dir='ltr'><em>«Le</em></span> 
     </span>
     <span class='ocr_line' id='line_1_32' title="bbox 453 4275 1617 4342; baseline 0.002 -18"><span class='ocrx_word' id='word_1_231' title='bbox 453 4275 591 4338; x_wconf 84' lang='lat' dir='ltr'><em>participe</em></span> <span class='ocrx_word' id='word_1_232' title='bbox 602 4275 715 4338; x_wconf 86' lang='lat' dir='ltr'><em>present</em></span> <span class='ocrx_word' id='word_1_233' title='bbox 723 4276 819 4327; x_wconf 86' lang='lat' dir='ltr'><em>n&#39;etait</em></span> <span class='ocrx_word' id='word_1_234' title='bbox 831 4289 881 4340; x_wconf 87' lang='lat' dir='ltr'><em>pas</em></span> <span class='ocrx_word' id='word_1_235' title='bbox 894 4275 1037 4341; x_wconf 85' lang='lat' dir='ltr'><em>identique</em></span> <span class='ocrx_word' id='word_1_236' title='bbox 1050 4291 1084 4327; x_wconf 88' lang='lat' dir='ltr'><em>en</em></span> <span class='ocrx_word' id='word_1_237' title='bbox 1096 4277 1165 4327; x_wconf 86' lang='lat' dir='ltr'><em>latin</em></span> <span class='ocrx_word' id='word_1_238' title='bbox 1175 4279 1244 4327; x_wconf 84' lang='lat' dir='ltr'><em>dans</em></span> <span class='ocrx_word' id='word_1_239' title='bbox 1252 4280 1345 4328; x_wconf 84' lang='lat' dir='ltr'><em>tontes</em></span> <span class='ocrx_word' id='word_1_240' title='bbox 1357 4277 1398 4328; x_wconf 84' lang='lat' dir='ltr'><em>les</em></span> <span class='ocrx_word' id='word_1_241' title='bbox 1410 4279 1617 4342; x_wconf 80' lang='lat' dir='ltr'><em>conJugaisous.</em></span> 
     </span>
     <span class='ocr_line' id='line_1_33' title="bbox 454 4349 1618 4416; baseline 0.003 -16"><span class='ocrx_word' id='word_1_242' title='bbox 454 4352 493 4402; x_wconf 86' lang='lat' dir='ltr'><em>La</em></span> <span class='ocrx_word' id='word_1_243' title='bbox 506 4349 643 4414; x_wconf 77' lang='lat' dir='ltr'><em>premiere</em></span> <span class='ocrx_word' id='word_1_244' title='bbox 660 4350 737 4401; x_wconf 87' lang='lat' dir='ltr'><em>seule</em></span> <span class='ocrx_word' id='word_1_245' title='bbox 753 4352 829 4402; x_wconf 84' lang='lat' dir='ltr'><em>avait</em></span> <span class='ocrx_word' id='word_1_246' title='bbox 844 4366 881 4401; x_wconf 91' lang='lat' dir='ltr'><em>un</em></span> <span class='ocrx_word' id='word_1_247' title='bbox 898 4353 1034 4416; x_wconf 82' lang='lat' dir='ltr'><em>participe</em></span> <span class='ocrx_word' id='word_1_248' title='bbox 1052 4367 1087 4402; x_wconf 89' lang='lat' dir='ltr'><em>en</em></span> <span class='ocrx_word' id='word_1_249' title='bbox 1102 4365 1166 4410; x_wconf 87' lang='lat' dir='ltr'><em>ans,</em></span> <span class='ocrx_word' id='word_1_250' title='bbox 1184 4356 1305 4414; x_wconf 79' lang='lat' dir='ltr'><em>entem3</em></span> <span class='ocrx_word' id='word_1_251' title='bbox 1325 4353 1365 4403; x_wconf 85' lang='lat' dir='ltr'><em>les</em></span> <span class='ocrx_word' id='word_1_252' title='bbox 1382 4357 1475 4406; x_wconf 85' lang='lat' dir='ltr'><em>autres</em></span> <span class='ocrx_word' id='word_1_253' title='bbox 1492 4353 1618 4404; x_wconf 83' lang='lat' dir='ltr'><em>l&#39;aveieut</em></span> 
     </span>
     <span class='ocr_line' id='line_1_34' title="bbox 453 4427 1618 4492; baseline 0.003 -16"><span class='ocrx_word' id='word_1_254' title='bbox 453 4440 486 4476; x_wconf 89' lang='lat' dir='ltr'><em>en</em></span> <span class='ocrx_word' id='word_1_255' title='bbox 503 4439 565 4488; x_wconf 85' lang='lat' dir='ltr'><em>ens,</em></span> <span class='ocrx_word' id='word_1_256' title='bbox 592 4428 703 4478; x_wconf 82' lang='lat' dir='ltr'><em>entem.</em></span> <span class='ocrx_word' id='word_1_257' title='bbox 728 4427 889 4478; x_wconf 85' lang='lat' dir='ltr'><em>Amantem</em></span> <span class='ocrx_word' id='word_1_258' title='bbox 907 4427 941 4478; x_wconf 86' lang='lat' dir='ltr'><em>de</em></span> <span class='ocrx_word' id='word_1_259' title='bbox 959 4428 987 4477; x_wconf 87' lang='lat' dir='ltr'><em>la</em></span> <span class='ocrx_word' id='word_1_260' title='bbox 1003 4427 1137 4492; x_wconf 77' lang='lat' dir='ltr'><em>premiere</em></span> <span class='ocrx_word' id='word_1_261' title='bbox 1159 4427 1255 4479; x_wconf 82' lang='lat' dir='ltr'><em>deveit</em></span> <span class='ocrx_word' id='word_1_262' title='bbox 1278 4429 1348 4478; x_wconf 89' lang='lat' dir='ltr'><em>donc</em></span> <span class='ocrx_word' id='word_1_263' title='bbox 1366 4429 1472 4479; x_wconf 90' lang='lat' dir='ltr'><em>donner</em></span> <span class='ocrx_word' id='word_1_264' title='bbox 1493 4433 1618 4490; x_wconf 81' lang='lat' dir='ltr'><em>amant3</em></span> 
     </span>
     <span class='ocr_line' id='line_1_35' title="bbox 452 4502 1619 4556; baseline 0.001 -3"><span class='ocrx_word' id='word_1_265' title='bbox 452 4504 623 4553; x_wconf 84' lang='lat' dir='ltr'><em>currentem</em></span> <span class='ocrx_word' id='word_1_266' title='bbox 649 4503 683 4553; x_wconf 91' lang='lat' dir='ltr'><em>de</em></span> <span class='ocrx_word' id='word_1_267' title='bbox 707 4503 736 4552; x_wconf 86' lang='lat' dir='ltr'><em>la</em></span> <span class='ocrx_word' id='word_1_268' title='bbox 761 4502 905 4553; x_wconf 88' lang='lat' dir='ltr'><em>troisieme</em></span> <span class='ocrx_word' id='word_1_269' title='bbox 932 4504 1026 4553; x_wconf 87' lang='lat' dir='ltr'><em>devait</em></span> <span class='ocrx_word' id='word_1_270' title='bbox 1046 4504 1152 4554; x_wconf 87' lang='lat' dir='ltr'><em>donner</em></span> <span class='ocrx_word' id='word_1_271' title='bbox 1172 4507 1288 4555; x_wconf 83' lang='lat' dir='ltr'><em>carent.</em></span> <span class='ocrx_word' id='word_1_272' title='bbox 1317 4506 1387 4554; x_wconf 86' lang='lat' dir='ltr'><em>Mais</em></span> <span class='ocrx_word' id='word_1_273' title='bbox 1411 4518 1447 4555; x_wconf 90' lang='lat' dir='ltr'><em>on</em></span> <span class='ocrx_word' id='word_1_274' title='bbox 1469 4518 1504 4556; x_wconf 92' lang='lat' dir='ltr'><em>ne</em></span> <span class='ocrx_word' id='word_1_275' title='bbox 1525 4509 1619 4556; x_wconf 89' lang='lat' dir='ltr'><em>trouve</em></span> 
     </span>
     <span class='ocr_line' id='line_1_36' title="bbox 453 4577 1618 4646; baseline 0.003 -20"><span class='ocrx_word' id='word_1_276' title='bbox 453 4589 561 4627; x_wconf 83' lang='lat' dir='ltr'><em>aucune</em></span> <span class='ocrx_word' id='word_1_277' title='bbox 579 4582 653 4627; x_wconf 86' lang='lat' dir='ltr'><em>trace</em></span> <span class='ocrx_word' id='word_1_278' title='bbox 668 4577 818 4628; x_wconf 77' lang='lat' dir='ltr'><em>deformes</em></span> <span class='ocrx_word' id='word_1_279' title='bbox 834 4579 1026 4643; x_wconf 85' lang='lat' dir='ltr'><em>participiales</em></span> <span class='ocrx_word' id='word_1_280' title='bbox 1047 4593 1080 4629; x_wconf 89' lang='lat' dir='ltr'><em>en</em></span> <span class='ocrx_word' id='word_1_281' title='bbox 1098 4582 1159 4632; x_wconf 87' lang='lat' dir='ltr'><em>ent.</em></span> <span class='ocrx_word' id='word_1_282' title='bbox 1190 4579 1243 4630; x_wconf 88' lang='lat' dir='ltr'><em>Des</em></span> <span class='ocrx_word' id='word_1_283' title='bbox 1259 4579 1394 4644; x_wconf 65' lang='lat' dir='ltr'><em>sarigim,</em></span> <span class='ocrx_word' id='word_1_284' title='bbox 1410 4584 1472 4632; x_wconf 88' lang='lat' dir='ltr'><em>tous</em></span> <span class='ocrx_word' id='word_1_285' title='bbox 1486 4582 1525 4631; x_wconf 88' lang='lat' dir='ltr'><em>les</em></span> <span class='ocrx_word' id='word_1_286' title='bbox 1537 4582 1618 4646; x_wconf 86' lang='lat' dir='ltr'><em>parti-</em></span> 
     </span>
     <span class='ocr_line' id='line_1_37' title="bbox 455 4653 1619 4718; baseline 0.002 -14"><span class='ocrx_word' id='word_1_287' title='bbox 455 4653 541 4717; x_wconf 84' lang='lat' dir='ltr'><em>cipes,</em></span> <span class='ocrx_word' id='word_1_288' title='bbox 560 4653 576 4702; x_wconf 78' lang='lat' dir='ltr'><em>e</em></span> <span class='ocrx_word' id='word_1_289' title='bbox 597 4653 717 4717; x_wconf 89' lang='lat' dir='ltr'><em>quelque</em></span> <span class='ocrx_word' id='word_1_290' title='bbox 734 4655 922 4717; x_wconf 79' lang='lat' dir='ltr'><em>conjugaison</em></span> <span class='ocrx_word' id='word_1_291' title='bbox 939 4655 1130 4718; x_wconf 80' lang='lat' dir='ltr'><em>qu&#39;eppartiut</em></span> <span class='ocrx_word' id='word_1_292' title='bbox 1146 4655 1172 4705; x_wconf 86' lang='lat' dir='ltr'><em>le</em></span> <span class='ocrx_word' id='word_1_293' title='bbox 1189 4655 1283 4715; x_wconf 80' lang='lat' dir='ltr'><em>verbe,</em></span> <span class='ocrx_word' id='word_1_294' title='bbox 1300 4661 1349 4706; x_wconf 86' lang='lat' dir='ltr'><em>out</em></span> <span class='ocrx_word' id='word_1_295' title='bbox 1365 4657 1408 4706; x_wconf 86' lang='lat' dir='ltr'><em>ete</em></span> <span class='ocrx_word' id='word_1_296' title='bbox 1423 4656 1556 4707; x_wconf 77' lang='lat' dir='ltr'><em>reformes</em></span> <span class='ocrx_word' id='word_1_297' title='bbox 1574 4671 1619 4706; x_wconf 89' lang='lat' dir='ltr'><em>sur</em></span> 
     </span>
     <span class='ocr_line' id='line_1_38' title="bbox 453 4728 1619 4794; baseline 0.004 -17"><span class='ocrx_word' id='word_1_298' title='bbox 453 4729 493 4778; x_wconf 76' lang='lat' dir='ltr'><em>let</em></span> <span class='ocrx_word' id='word_1_299' title='bbox 509 4728 662 4793; x_wconf 82' lang='lat' dir='ltr'><em>participes</em></span> <span class='ocrx_word' id='word_1_300' title='bbox 678 4729 726 4780; x_wconf 87' lang='lat' dir='ltr'><em>des</em></span> <span class='ocrx_word' id='word_1_301' title='bbox 739 4728 838 4779; x_wconf 88' lang='lat' dir='ltr'><em>verbes</em></span> <span class='ocrx_word' id='word_1_302' title='bbox 856 4729 891 4780; x_wconf 86' lang='lat' dir='ltr'><em>de</em></span> <span class='ocrx_word' id='word_1_303' title='bbox 905 4731 931 4780; x_wconf 84' lang='lat' dir='ltr'><em>ta</em></span> <span class='ocrx_word' id='word_1_304' title='bbox 945 4731 1089 4794; x_wconf 86' lang='lat' dir='ltr'><em>premiere,</em></span> <span class='ocrx_word' id='word_1_305' title='bbox 1105 4734 1133 4782; x_wconf 88' lang='lat' dir='ltr'><em>et</em></span> <span class='ocrx_word' id='word_1_306' title='bbox 1145 4744 1175 4781; x_wconf 89' lang='lat' dir='ltr'><em>se</em></span> <span class='ocrx_word' id='word_1_307' title='bbox 1191 4735 1254 4782; x_wconf 85' lang='lat' dir='ltr'><em>sont</em></span> <span class='ocrx_word' id='word_1_308' title='bbox 1266 4731 1481 4783; x_wconf 81' lang='lat' dir='ltr'><em>uniformement</em></span> <span class='ocrx_word' id='word_1_309' title='bbox 1489 4731 1619 4782; x_wconf 88' lang='lat' dir='ltr'><em>termines</em></span> 
     </span>
     <span class='ocr_line' id='line_1_39' title="bbox 453 4807 603 4855; baseline -0.013 -1"><span class='ocrx_word' id='word_1_310' title='bbox 453 4818 487 4854; x_wconf 89' lang='lat' dir='ltr'><em>en</em></span> <span class='ocrx_word' id='word_1_311' title='bbox 506 4807 603 4855; x_wconf 76' lang='lat' dir='ltr'><em>ant.»</em></span> 
     </span>
    </p>
   </div>
   <div class='ocr_carea' id='block_1_5' title="bbox 0 0 1773 5332">
    <p class='ocr_par' dir='ltr' id='par_1_5' title="bbox 0 0 1773 5332">
     <span class='ocr_line' id='line_1_40' title="bbox 0 0 1773 5332; baseline 0 0"><span class='ocrx_word' id='word_1_312' title='bbox 0 0 1773 5332; x_wconf 95' lang='lat' dir='ltr'><em> </em></span> 
     </span>
    </p>
   </div>
  </div>
 </body>
</html>
