3534 5342
681 427 684 433 ,
883 389 1176 765 afflig}
1482 418 1485 436 .

942 499 970 536 Ol
994 499 1050 536 'siif

261 587 262 592 ι
867 564 1132 644 curreretur

499 1377 950 1488 PROOEMIUM

192 2021 246 2092 De
265 2044 306 2091 ea
322 2017 470 2090 Latinae
486 2017 630 2114 linguae
649 2017 764 2088 ferma
780 2042 871 2114 quae
890 2017 926 2088 in
942 2017 1054 2088 -ndus
1069 2017 1201 2090 desinit
1220 2018 1311 2092 duae

116 2201 117 2204 η
142 2143 300 2216 maxime
316 2143 545 2240 quaestiones
560 2141 699 2212 institui
714 2140 840 2226 solent,
859 2140 993 2213 scilicet
1007 2167 1103 2240 quoe
1117 2141 1190 2213 eius
1205 2142 1311 2240 oripo

131 2267 269 2367 suerit,
288 2293 384 2365 quae
402 2265 629 2364 st'pnificutt'o
649 2277 682 2338 et
702 2291 798 2337 usus.
822 2265 982 2356 Quarum
1003 2291 1110 2337 unam
1126 2266 1232 2358 hanc,
1252 2267 1312 2338 illa

142 2391 364 2476 doctioribus
384 2389 519 2479 relicta,
542 2389 579 2459 in
599 2391 666 2461 hoc
687 2389 807 2462 libello
827 2389 960 2462 hahere
981 2390 1068 2461 mihi
1086 2392 1312 2488 propositum

145 2531 211 2590 est.
1079 2535 1082 2539 ·

193 2642 246 2713 De
264 2639 490 2738 perundr'uo¹
509 2653 628 2749 autem
647 2652 682 2712 et
701 2638 893 2737 perunctio,
916 2653 998 2711 ante
1017 2638 1084 2710 hos
1107 2638 1311 2738 quindecim

142 2791 258 2838 annos
269 2765 500 2862 disputarunt
515 2764 583 2836 uiri
598 2763 817 2838 doctissimi:
836 2788 989 2860 quorum
1005 2763 1153 2836 nomina
1168 2762 1313 2860 singula

143 2889 432 2986 sententiasque2
451 2914 630 2978 enarrare,
645 2901 685 2960 ut
701 2913 816 2985 neque
829 2887 1055 2985 propositum
1071 2887 1158 2958 mihi
1176 2902 1230 2960 est
1245 2887 1313 2960 hoc

142 3014 222 3086 loco
241 3039 357 3112 neque
384 3012 639 3103 necessarium,
668 3013 716 3084 ita
739 3012 775 3082 in
798 3037 887 3109 quas
910 3012 1101 3110 praecipue
1128 3011 1313 3084 discedant

144 3151 276 3236 partes,
305 3138 459 3235 pretium
487 3162 616 3234 operae
645 3137 712 3208 erit
735 3136 905 3209 indicare.
935 3137 1028 3208 Nam
1051 3138 1207 3227 Dosson‚
1229 3161 1311 3208 cum

145 3288 242 3334 anno
266 3263 370 3358 1887,
401 3262 534 3334 dehac
568 3288 607 3334 re
633 3261 870 3359 scripsissem,
906 3276 1018 3334 totam
1051 3260 1310 3358 quaestionem,

143 3402 270 3484 quarto
293 3402 375 3483 post
394 3412 501 3475 anne,
523 3385 753 3459 Weisweiler
772 3384 1020 3476 lretractauit,
1041 3385 1312 3482 doctrinamque

142 3503 289 3574 tradidit
316 3503 424 3598 longe
449 3501 642 3591 diuersam,
664 3501 776 3573 immo
796 3526 902 3598 saepe
918 3501 1132 3573 contrariam
1146 3500 1170 3573 ⁵.
1194 3501 1311 3592 Quam

841 3604 850 3628 ι

177 3790 200 3838 i.
221 3787 433 3840 Geruudiuum
451 3790 480 3838 in
499 3789 550 3839 lice
568 3789 664 3839 libello
682 3793 799 3839 uocatur
814 3790 842 3838 id
860 3789 935 3852 quod
957 3790 1046 3838 nostri
1063 3788 1191 3852 pluribus
1210 3788 1313 3842 ‘uerbis

143 3863 268 3927 adjectis
281 3864 380 3914 corbet
398 3878 434 3914 en
447 3865 539 3915 -nuus
556 3879 656 3914 uocare
674 3866 773 3922 solent,
788 3865 973 3928 perunctiurn
988 3869 1080 3914 autem
1096 3865 1125 3914 id
1138 3863 1211 3928 quod
1225 3867 1313 3914 nostri

143 3939 170 3990 le
182 3939 329 4003 pe'roudif,
344 3943 452 3990 ueteres
462 3943 553 3990 autem
566 3941 695 4002 perundi
707 3940 823 4001 modus,
837 3939 963 3990 uerbum
972 3940 1110 4003 peruerti,
1122 3938 1312 4002 appellebant.

144 4015 195 4063 His
216 4015 361 4064 uocabulis
387 4015 496 4065 duobus
522 4017 581 4065 fere
598 4016 698 4066 iisdem
725 4016 850 4065 eiusdem
872 4016 976 4064 formae
998 4030 1066 4064 usus
1088 4015 1191 4078 duplex
1212 4014 1313 4063 melius

143 4089 263 4138 tortasse
293 4090 487 4153 distinguitur.
516 4092 550 4140 Et
571 4091 778 4154 peruudiuuru
799 4104 848 4140 cur
873 4103 928 4140 non
952 4093 1041 4153 possit
1065 4091 1120 4139 dici
1145 4103 1208 4140 cum
1235 4088 1314 4139 iudi-

142 4165 270 4221 catiuus,
295 4165 494 4228 imperatione
524 4165 623 4216 modus
649 4165 765 4227 dicatur,
785 4179 840 4216 non
863 4165 999 4215 uidemus,
1024 4167 1110 4217 Usum
1129 4166 1216 4228 igitur
1239 4165 1314 4228 apud

145 4240 298 4290 Germanos
311 4244 454 4304 receptum
468 4241 603 4291 retinebo

175 4330 200 4378 2.
221 4329 319 4378 Omnia
336 4330 453 4392 collegit
474 4330 631 4380 Lebreton:
655 4329 811 4394 L'adjectit‘
825 4329 923 4381 uerbal
941 4343 977 4380 en
1000 4330 1100 4387 udus,
1126 4329 1213 4379 trude
1234 4341 1314 4379 rnor-

142 4403 321 4468 pholopique
346 4411 372 4456 et
397 4406 595 4468 sumentique.
627 4406 746 4466 (Extrait
774 4407 822 4455 des
845 4405 1004 4456 Me'rrtoires
1027 4405 1063 4455 de
1087 4408 1115 4455 ta
1142 4405 1254 4456 Socie'te
1280 4405 1316 4455 de

145 4481 342 4543 ttnput'stique
355 4481 390 4530 cte
408 4480 503 4538 Paris,
522 4486 543 4532 t.
563 4493 599 4538 xi,
618 4495 647 4544 p.
666 4481 792 4543 trs—tot).

171 4571 196 4618 3.
216 4567 257 4618 De
268 4568 421 4632 participii
440 4568 604 4632 perundiui
616 4569 829 4632 antiquissima
844 4570 885 4628 ui,
903 4570 1152 4633 immutatataque
1165 4568 1314 4632 posterius

145 4643 303 4695 ratione...
324 4645 412 4702 Paris,
430 4646 500 4696 1897.

175 4732 201 4783 4.
213 4717 279 4782 'Das
296 4733 469 4783 lateinisclie
487 4733 682 4796 participium
703 4732 801 4795 futuri
816 4734 941 4797 passini,
960 4735 993 4784 iu
1009 4736 1108 4784 setner
1126 4731 1313 4796 Bedeutuup,

145 4807 210 4858 und
226 4809 446 4870 syntactischeu
471 4809 690 4871 Verwenttuup.
712 4809 880 4867 Pederborn,
901 4810 970 4860 1890.

176 4897 201 4948 5.
220 4897 252 4948 V.
280 4897 401 4959 Dcssou,
419 4897 538 4948 laudato
561 4897 670 4954 libello,
688 4910 718 4959 p.
742 4898 812 4948 27-ἳ8
828 4913 833 4957 ;
852 4911 915 4961 cap.
942 4910 971 4959 11,
995 4911 1058 4962 cap.
1080 4866 1121 4953 ιιι,
1143 4897 1268 4958 passim;
1287 4902 1315 4948 et

147 4973 348 5029 Wmswnnnn,
369 4972 385 5024 t.
405 4975 426 5024 t.
448 4987 511 5036 cap.
528 4985 556 5030 ιι,
573 4985 637 5036 cap.
655 4984 694 5036 ru,
712 4975 831 5034 passim.

1262 5089 1273 5128 1
1368 5107 1373 5119 ·
