3534 5342
437 463 475 521 18
729 472 773 517 nn
798 445 987 520 uanunoivr
1012 471 1046 518 vr
1072 469 1314 536 nnnpmssnm

474 693 597 754 Donum
612 714 649 754 ue
664 694 817 776 capiunto,
839 715 914 754 neue
940 694 1044 766 danto,
1071 713 1147 754 neue
1168 691 1324 774 pelenda,
1347 711 1424 751 neue
1444 687 1605 770 parendo,

435 811 511 850 neue
523 800 614 871 qesta
630 802 784 873 potestate.
801 792 875 868 (Cic.
894 792 970 872 Lep.
988 812 1033 852 m.
1052 791 1100 862 4.]
1112 793 1152 868 ι.)

473 887 585 948 Partis
597 888 778 964 honoribus,
800 889 922 950 eosdem
944 889 975 949 in
999 888 1065 948 loro
1086 887 1167 970 gessi
1192 887 1322 961 labores,
1343 906 1420 967 quos
1439 882 1601 966 petendis.

433 983 507 1058 (Cic.
525 985 612 1046 Plril.
630 1008 674 1048 vr.
691 986 796 1067 6η.)
1604 995 1607 1002 “

470 1084 509 1142 Et
530 1104 567 1143 ne
586 1083 767 1143 criminibus
793 1092 846 1144 aut
872 1083 1060 1163 inferendis
1083 1082 1257 1158 delectetur,
1273 1091 1327 1142 aut
1346 1080 1450 1141 credat
1471 1077 1601 1140 oblatis.

433 1180 509 1259 (Cic.
526 1181 574 1240 De
588 1180 694 1242 Amic.
716 1181 829 1258 raus.)

471 1277 538 1337 Non
567 1288 631 1337 erat
658 1278 760 1338 minor
788 1278 883 1357 (laus)
909 1298 947 1338 ex
973 1276 1210 1338 contemnenda
1238 1297 1331 1359 quam
1357 1296 1394 1335 ex
1413 1279 1608 1335 conseruata

431 1373 601 1456 prouincia.
619 1375 695 1454 (Cic.
713 1375 768 1436 Dd
782 1375 873 1436 Fam.
892 1397 923 1435 n.
952 1377 1046 1452 123.)

470 1471 554 1548 Quae
567 1481 637 1533 ante
651 1473 817 1533 conditum
832 1472 1077 1533 condendamue
1094 1472 1200 1532 urbem
1219 1518 1238 1534 ..
1266 1470 1469 1531 traduntur...
1483 1467 1559 1547 (Liv.
1578 1488 1600 1526 r.

432 1568 550 1647 Praes.
569 1569 613 1638 6.)

471 1667 577 1725 Fessos
590 1666 739 1729 milites...
752 1666 865 1748 quippe
880 1667 970 1748 qui...
988 1666 1151 1748 cupiendo
1167 1665 1242 1726 urbe
1256 1674 1377 1725 tantum
1392 1663 1506 1724 laboris
1529 1661 1608 1744 peri-

431 1763 551 1843 culique
566 1763 711 1836 adissent,
728 1775 757 1824 et
773 1773 870 1846 captu
886 1786 956 1825 cum
971 1763 1008 1824 iis
1029 1764 1081 1844 qui
1104 1764 1135 1823 in
1151 1785 1252 1823 arcem
1267 1762 1481 1844 confugerant,
1499 1760 1605 1840 iniquo

431 1860 522 1920 etiam
539 1861 601 1920 loco
616 1872 817 1942 pugnassent,
833 1883 939 1922 curare
953 1883 1079 1943 corpora
1094 1861 1193 1922 iussit.
1213 1860 1291 1940 (Liv.
1311 1881 1393 1919 xxvr.
1411 1858 1507 1932 [18.1.l

472 1958 539 2034 Quo
560 1969 683 2018 senatus
699 1959 836 2019 consulto
858 1959 1009 2034 recitato,
1025 1979 1096 2018 cum
1111 1959 1255 2018 continuo
1274 1979 1357 2018 more
1373 1955 1429 2016 hoe
1443 1956 1560 2016 insulso
1578 1965 1609 2015 et

431 2075 522 2125 nouo,
539 2055 681 2136 plausum
696 2077 764 2115 meo
776 2057 900 2116 nomine
913 2055 1084 2116 recitando
1100 2054 1262 2115 dedissent.
1280 2054 1357 2133 (Cic.
1372 2056 1441 2115 Au.
1459 2074 1500 2113 iv.
1521 2073 1530 2110 ι
1544 2051 1601 2131 li).

473 2152 646 2211 Seruabant
663 2153 799 2233 auspicia
819 2175 927 2236 reges;
951 2174 1030 2234 quae
1057 2153 1105 2212 hic
1133 2153 1239 2212 consul
1265 2172 1429 2234 augurque
1456 2149 1604 2232 neglexit,

433 2269 532 2329 neque
547 2250 647 2308 solum
662 2250 782 2332 legibus
794 2263 898 2311 contra
913 2250 1050 2332 auspicia
1055 2250 1227 2330 serendis,
1244 2250 1297 2309 sed
1312 2249 1403 2308 etiam
1414 2248 1530 2328 collega
1546 2267 1608 2305 nno

427 2346 564 2427 ferente
579 2368 623 2420 ee,
641 2368 732 2427 quem
759 2347 823 2429 ipse
849 2348 1001 2408 ementitis
1028 2348 1173 2430 auspiciis
1198 2347 1345 2408 uitiosum
1377 2345 1499 2407 fecerat.
1528 2344 1605 2423 (Cic.

432 2442 525 2504 Phil.
544 2465 589 2503 111.
612 2445 630 2514 Δ
653 2449 697 2524 9.)

475 2541 663 2626 Conuiuium
691 2541 879 2612 celebrabat,
903 2542 980 2602 nihil
1006 2549 1167 2613 melaena,
1191 2561 1231 2601 an
1259 2539 1500 2602 dissimulando
1526 2547 1610 2598 metu
1687 2547 1691 2552 '

434 2654 504 2694 cum
520 2633 650 2714 ingressi
673 2634 822 2695 milites..
839 2635 955 2697 dixere.
976 2636 1060 2715 (Tac.
1079 2636 1168 2696 Anu.
1189 2657 1243 2695 xvs
1257 2635 1328 2714 69.)

484 2794 585 2884 Quae
604 2794 770 2892 exempla
790 2808 825 2866 et
850 2796 952 2891 plura
970 2795 1026 2866 his
1049 2794 1266 2892 proponenti
1295 2795 1451 2882 Damon,
1474 2791 1608 2864 hebre-

434 2909 524 2981 tont
550 2935 631 2980 cum
654 2909 736 2998 alia,
768 2923 844 2981 tum
874 2909 941 2981 hoo
970 2909 1098 2999 obicit,
1128 2910 1225 3008 quod
1255 2908 1464 2981 uniuersum
1493 2905 1610 2978 Latini

435 3024 612 3096 sermonis
633 3049 738 3095 usum
762 3050 835 3096 non
855 3025 974 3122 magis
994 3038 1283 3122 repraesentant,
1306 3049 1414 3122 quam
1436 3023 1504 3094 alia
1524 3021 1609 3092 alibi

392 3210 396 3217 ,μ
436 3139 482 3210 ab
520 3139 646 3211 eodem
686 3140 884 3236 proposita,
921 3140 1118 3238 inquibus
1150 3140 1236 3238 quid
1269 3138 1430 3211 futurum
1460 3138 1519 3227 sit,
1548 3150 1609 3208 aut

437 3254 523 3352 quid
561 3255 801 3350 propositum,
831 3255 1044 3327 declaratur.
1069 3255 1139 3327 Sed
1173 3280 1239 3327 nos
1268 3255 1325 3326 hic
1352 3253 1495 3326 nonde
1529 3277 1610 3355 per-

438 3382 546 3466 petuo
567 3395 634 3440 usu
655 3370 811 3466 agimus,
839 3395 922 3440 curn
941 3396 1028 3441 usus
1048 3395 1155 3466 saepe
1184 3370 1417 3442 diuturnitate
1437 3365 1609 3465 temporis

439 3497 610 3574 mutetur,
637 3484 700 3556 sed
720 3484 766 3555 de
785 3484 1050 3582 antiquissim0,
1072 3485 1134 3583 qui
1161 3499 1339 3582 quatenus
1355 3480 1606 3580 permanserit,

438 3598 526 3669 haec
548 3598 714 3695 exempla
741 3600 948 3690 ostendunt,
972 3599 1087 3697 qualis
1108 3601 1234 3697 priscis
1254 3599 1477 3696 temporibus
1491 3595 1610 3686 fuerit,

439 3713 507 3786 alia
526 3713 699 3802 indicant,
726 3740 818 3812 quae
846 3739 955 3804 nuno,
984 3715 1030 3787 ad
1056 3730 1165 3788 testes
1193 3740 1395 3812 prouocans
1421 3713 1539 3810 magis
1568 3737 1610 3784 ac

439 3827 556 3924 magis
579 3853 724 3924 graueS,
747 3855 961 3926 proponam.

488 3953 640 4024 Exstant
658 3953 767 4042 enim,
786 3954 822 4022 in
847 3953 967 4025 libello
989 3955 1040 4024 M.
1063 3954 1166 4025 Porci
1192 3954 1338 4027 Catonis
1363 3955 1420 4025 De
1436 3953 1525 4052 apri
1536 3951 1610 4024 cul-

439 4079 525 4138 tura
544 4092 691 4162 precum
707 4066 881 4139 formulae
897 4069 1073 4166 quaedam
1087 4069 1123 4138 in
1137 4069 1248 4141 sacris
1264 4069 1499 4142 adhibendae.

443 4283 446 4290 1
489 4190 588 4280 Quas
607 4190 874 4288 antiquissimas
892 4218 982 4282 esse,
1001 4206 1036 4265 et
1053 4192 1120 4265 hoo
1135 4192 1304 4266 admonet
1321 4192 1417 4291 quod
1436 4193 1482 4265 ad
1501 4191 1612 4265 caeri-

473 4527 495 4578 l.
517 4525 553 4576 L.
576 4525 597 4578 l.
620 4527 697 4592 [1621.
724 4529 795 4578 oEn
817 4529 974 4579 admettant
994 4527 1081 4579 meme
1106 4543 1159 4592 que
1180 4533 1243 4579 tous
1268 4543 1313 4579 ees
1339 4531 1478 4594 exemples
1500 4531 1611 4582 fussent

440 4602 612 4658 coneluants,
627 4606 699 4653 cette
714 4603 778 4654 liste
792 4619 826 4654 ne
844 4605 1004 4666 prouverait
1021 4605 1050 4653 ni
1062 4605 1125 4668 plus
1140 4605 1272 4654 nimaina
1288 4619 1359 4668 pour
1376 4607 1482 4669 l'usage
1497 4606 1610 4668 general

440 4677 473 4726 de
490 4678 516 4726 la
529 4679 630 4738 langue
643 4677 738 4738 latine,
752 4692 804 4742 que
820 4680 860 4728 lea
871 4679 1011 4742 exemptas
1025 4682 1102 4729 aussi
1113 4679 1264 4731 nombreux
1278 4681 1348 4731 cite's
1366 4696 1392 4745 p.
1403 4683 1486 4739 ’76-79,
1501 4681 1610 4732 atdans

440 4751 563 4815 lesquels
576 4753 711 4816 l’adjectif
723 4766 757 4803 en
770 4753 861 4804 udus
876 4767 893 4802 a
908 4753 932 4802 le
951 4767 1015 4802 sens
1035 4754 1111 4804 futur
1127 4767 1163 4804 ou
1180 4755 1375 4807 intentionnel.
1395 4774 1407 4802 »
