3534 5342
503 1356 656 1444 runs
691 1355 1021 1479 rosrumon

357 1637 420 1708 DE
446 1636 714 1708 GERUNDlVl
740 1635 837 1708 USU
863 1634 1171 1708 RECENTIORE

225 2121 491 2210 Gerundiuum‚
513 2120 548 2191 in
576 2119 694 2218 priore
715 2120 822 2192 huius
846 2119 957 2192 libelli
982 2133 1095 2218 parte,
1116 2119 1226 2194 luisse
1248 2121 1349 2195 initio

173 2237 407 2337 participium
429 2235 550 2309 infecti
570 2235 670 2309 uerbi
694 2235 908 2309 rellexiuum
928 2261 1001 2308 seu·
1015 2236 1188 2327 medium,
1212 2250 1250 2308 ut
1272 2237 1349 2310 fieri

173 2353 307 2452 potuit,
325 2352 573 2450 probauimus.
587 2352 658 2424 Sed
669 2352 758 2441 eius,
774 2366 814 2423 ut
831 2352 869 2422 in
889 2353 1076 2449 prooemio
1096 2365 1258 2425 notatum
1279 2367 1346 2442 est,

174 2495 266 2541 usus
298 2468 357 2540 alii
393 2469 514 2566 plures
539 2481 642 2557 sunt,
676 2468 737 2566 qui
770 2466 875 2540 nobis
903 2492 985 2538 cum
1020 2468 1237 2564 posteriores
1271 2493 1349 2541 esse

175 2585 382 2673 uideantur,
407 2584 501 2657 unde
523 2583 761 2681 profluxerint
781 2609 879 2654 nunc
898 2583 1090 2656 dicendum
1109 2598 1175 2655 est.

197 2699 345 2792 ‚Quam
382 2713 494 2773 totam
537 2699 783 2798 quaestionem
829 2699 1007 2796 capitibus
1040 2698 1350 2797 comprehendens

175 2829 361 2914 quattuor,
383 2815 477 2887 unde
492 2815 711 2913 perunctione
729 2814 873 2887 duxerit
891 2815 1082 2912 originem,
1101 2815 1195 2887 unde
1213 2840 1350 2911 gerun-

175 2931 264 3004 diuo
283 2931 381 3004 notio
396 2930 505 3031 stnt's,
524 2931 757 3022 necomitam,
779 2945 863 3022 cet,
888 2931 1096 3020 accreuerit,
1121 2955 1191 3029 qua
1211 2931 1349 3003 ratione

168 3045 326 3146 pessino
337 3046 592 3146 praeualuerr't
606 3046 844 3146 sipnistcatio,
862 3060 1038 3146 quatenus
1054 3061 1087 3120 et
1102 3071 1175 3146 quo
1188 3059 1350 3145 tempore

165 3163 346 3261 futurum
362 3187 577 3260 expressum
594 3163 653 3253 sit,
676 3163 746 3235 iam
766 3188 937 3262 quaerere
956 3162 1141 3260 incipiam.

228 3277 321 3349 Nam
335 3277 509 3376 passr'uus
528 3277 605 3375 ipse
628 3304 715 3350 usus
734 3278 927 3376 gerundiui
946 3303 1054 3376 quem
1074 3304 1094 3350 a
1112 3277 1239 3376 priscis
1257 3290 1351 3350 tem-

179 3391 329 3490 poribus
346 3393 548 3491 inantiquis
560 3394 803 3466 monumentis
815 3419 989 3492 apparere
1004 3393 1211 3466 monuimus
1227 3395 1280 3490 (p.
1296 3393 1349 3488 4),

179 3533 253 3606 quo
273 3509 379 3581 modo
395 3534 440 3581 ex
459 3509 520 3581 illo
540 3509 658 3607 priore
673 3536 742 3582 usu
760 3510 933 3583 rellexiuo
950 3535 1013 3582 seu
1029 3509 1148 3582 medio
1164 3522 1268 3581 natus
1288 3509 1348 3600 sit,

181 3622 286 3697 facile
308 3624 461 3696 uidetur.

231 3739 424 3837 Participio
457 3736 552 3812 enim
587 3738 689 3810 uerbi
726 3739 782 3811 sui
818 3739 1000 3813 fortunam
1036 3753 1231 3839 sequente,
1268 3765 1350 3812 cum

182 3854 332 3927 uerbum
356 3855 569 3927 rellexiuum
593 3855 739 3952 passiuo
763 3881 871 3928 sensu
894 3854 1055 3929 adhiberi
1083 3869 1249 3952 coeptum
1281 3869 1348 3945 est,

182 3971 289 4043 etiam
305 3970 484 4068 participii
499 3971 624 4042 eadem
640 3970 802 4043 condicio
817 3970 895 4044 fuit.
915 3971 965 4042 Ut
983 3970 1020 4042 in
1041 3996 1129 4043 uoce
1142 3971 1312 4069 poscitur
1324 3971 1348 4061 ¹,

182 4111 201 4158 e
223 4086 394 4159 rellexiua
409 4086 671 4184 significatione
685 4086 729 4181 (il
740 4112 778 4158 se
797 4084 956 4180 nourrit)
973 4099 1050 4159 orta
1069 4087 1215 4184 passius
1234 4086 1352 4184 signi-

182 4202 300 4274 ficatio
327 4217 378 4274 est
393 4259 405 4292 ,
434 4201 483 4273 ita
513 4202 558 4274 ad
589 4200 892 4300 significationem
925 4202 1108 4300 passiuam
1141 4202 1285 4275 transiit
1317 4215 1352 4275 et

174 4317 393 4416 poscendus.
435 4317 606 4389 Passiuus
643 4317 754 4414 igitur
790 4344 903 4408 usus,
939 4318 1001 4417 qui
1033 4317 1099 4391 etsi
1131 4342 1204 4390 non
1236 4317 1350 4391 multo

182 4433 333 4506 fortasse
352 4445 527 4532 tempore,
548 4433 686 4505 ratione
710 4447 804 4507 certe
824 4434 1001 4533 posterior
1018 4433 1098 4525 fuit,
1125 4434 1220 4506 unde
1239 4433 1350 4531 origi-

182 4575 265 4621 nem
290 4549 446 4640 duxerit,
470 4547 716 4621 difficultatem
742 4574 815 4622 non
843 4549 963 4622 habet.
994 4547 1074 4642 Quo
1097 4550 1206 4622 modo
1229 4563 1349 4622 autem

216 4864 240 4914 l.
257 4864 300 4915 Gt.
321 4857 426 4914 Bnrinn.
447 4863 532 4915 Esset
548 4863 583 4914 de
595 4864 790 4929 remaneque,
806 4879 836 4930 p.
852 4867 893 4917 96.
916 4866 1081 4919 «Pascitur
1096 4881 1113 4918 a
1129 4868 1268 4932 signifle«
1285 4868 1305 4920 il
1323 4883 1352 4920 se

184 4941 293 4989 nourrit
307 4957 319 4986 »
335 4943 419 4990 avent
431 4940 465 4989 de
478 4940 605 5004 signisser
618 4957 630 4986 «
646 4941 667 4990 il
684 4943 727 4990 est
738 4942 834 4992 nourri
850 4960 874 4994 n.

1293 5060 1308 5104 l
