3534 5342
530 693 574 737 nn
600 693 789 740 onaunnrvr
818 690 964 738 murone
1279 687 1317 746 19

141 915 283 987 monias
318 913 499 1012 pertinent
531 915 776 987 uetustissima
804 914 1062 987 consuetudine
1091 913 1254 1004 traditaS,
1283 928 1319 986 et

141 1030 223 1128 ipsa
236 1030 350 1102 oratio
366 1031 589 1128 comprobat.

184 1215 305 1296 Agrum
319 1214 449 1276 lustrare
463 1215 506 1276 sic
519 1226 673 1295 oportet...
695 1217 815 1285 lanum,
834 1217 998 1296 lonemque
1018 1215 1092 1276 uino
1115 1215 1315 1297 praefamino,

141 1310 187 1371 sic
201 1311 293 1372 dicito
307 1329 348 1397 ζα
364 1315 446 1373 Mars
461 1324 556 1396 pater,
571 1324 598 1373 te
612 1334 717 1395 precor
732 1333 904 1394 quaesoque
921 1313 963 1372 uti
977 1313 1036 1372 sies
1049 1313 1154 1373 uolens
1170 1313 1318 1394 propitius

142 1409 273 1484 mihi...,
292 1421 427 1490 pastores
444 1431 601 1493 pecuaque
623 1411 709 1471 salua
725 1410 883 1482 seruassis‚
904 1409 1033 1491 duisque
1053 1410 1166 1470 honam
1190 1411 1318 1472 salutem

143 1507 412 1588 ualetudinemque
441 1507 517 1568 mihi
544 1508 635 1567 domo
657 1507 854 1588 familiaeque
883 1517 1025 1566 nostrae:
1048 1507 1193 1566 harumce
1216 1529 1318 1566 rerum

87 1665 90 1674 ,
141 1625 268 1686 ergo..,
285 1615 382 1664 macte
391 1605 473 1664 hisce
487 1605 742 1665 suouitaurilibus
753 1603 955 1665 inmolandis
965 1612 1067 1666 este...
1084 1628 1099 1664 a
1117 1605 1176 1664 Ubi
1193 1626 1317 1686 porcum

141 1702 318 1776 inmolabis‚
345 1703 426 1763 ...sic
440 1713 578 1785 oportet:
600 1726 617 1761 ι(
640 1703 768 1783 eiusque
789 1702 832 1762 rei
852 1723 926 1782 ergo
949 1713 1045 1762 macte
1064 1701 1319 1763 suouitaurilibus

143 1799 347 1862 inmolandis
368 1811 441 1865 esto.
460 1823 475 1860 a
500 1802 552 1878 (A.
574 1801 607 1860 C.
628 1801 692 1871 rtrr.
714 1822 739 1862 1.
759 1820 788 1860 2.
807 1801 835 1862 3.
853 1801 902 1878 A.)

185 1897 265 1957 Cum
287 1898 438 1978 pollucere
458 1897 619 1979 oportebit,
641 1897 684 1966 sic
704 1897 819 1957 facies:
845 1919 863 1955 n
882 1896 1018 1978 luppiter
1032 1895 1186 1979 dapalis...
1193 1945 1201 1972 ‚
1221 1906 1318 1958 macte

143 1993 202 2054 hac
220 1994 305 2054 illace
320 1995 397 2076 dape
413 1994 613 2076 pollucenda
629 2006 703 2056 esto.
723 2017 737 2053 a
757 1995 809 2073 (A.
829 1994 863 2055 C.
885 1995 993 2072 1321.)

185 2093 371 2173 Priusquam
393 2093 517 2154 messim
537 2092 640 2166 facies,
665 2113 789 2174 porcam
812 2091 1045 2173 praecidaneam
1068 2090 1125 2150 hoc
1139 2091 1230 2150 modo
1252 2089 1318 2150 lieri

144 2198 299 2270 oportet...
317 2191 389 2250 lano
401 2200 516 2251 struem
526 2200 699 2250 ommoueto
713 2189 770 2248 sic:
786 2212 803 2247 u
818 2190 889 2249 lane
899 2197 984 2270 pater
997 2199 1026 2248 te
1040 2188 1097 2247 hac
1108 2199 1190 2248 strue
1200 2208 1319 2248 ommo-

146 2287 255 2349 uenda
277 2287 373 2347 bonas
391 2309 493 2370 preces
511 2309 626 2370 precor.
647 2311 659 2344 a
681 2289 789 2346 Postea
814 2287 887 2346 lano
906 2286 1014 2346 uinum
1034 2286 1105 2345 dato
1124 2285 1166 2346 sic
1183 2308 1189 2344 :
1215 2307 1230 2343 «
1246 2286 1317 2345 lane

143 2395 231 2466 pater
243 2384 287 2444 uti
301 2397 328 2445 te
340 2395 423 2446 strue
439 2385 653 2446 ammonendo
669 2384 765 2444 bonas
780 2404 882 2466 preces
896 2384 971 2444 bene
986 2393 1124 2465 precatus
1142 2404 1222 2455 sum,
1239 2383 1319 2442 eius-

144 2483 215 2542 dem
231 2482 273 2542 rei
288 2504 360 2564 ergo
376 2492 473 2544 macte
488 2483 561 2542 uino
574 2481 685 2542 inferio
700 2491 771 2544 esto,
788 2505 805 2540 a
819 2483 870 2562 (A.
889 2481 923 2543 C.
943 2481 1008 2557 134,
1023 2481 1099 2562 ad.)

195 2652 262 2724 His
277 2651 314 2722 in
330 2651 494 2724 formulis
509 2677 616 2724 uoces
632 2676 738 2748 saepe
753 2664 976 2736 recurrentes
982 2706 991 2739 ,
1011 2675 1030 2718 r<
1047 2648 1313 2734 ammonendos,

146 2767 375 2840 inmolandus
391 2795 425 2853 a,
447 2767 484 2839 id
501 2767 597 2865 quod
613 2767 732 2863 agitur
748 2791 830 2837 eum
846 2766 965 2862 agitur
986 2764 1096 2853 aliud,
1115 2777 1176 2835 aut
1190 2763 1314 2835 saltem

145 2882 248 2954 uerbi
267 2882 382 2980 ipsius
402 2882 578 2954 actionem
595 2882 817 2978 exprimunt,
834 2881 990 2953 sedeam
1011 2879 1209 2978 insectum¹.
1237 2879 1318 2969 Quo

144 2997 182 3068 in
193 3023 278 3069 casu
292 3012 456 3096 utroque,
469 3023 515 3070 ex
530 3023 640 3094 supra
655 2996 773 3086 dictis,
785 2995 986 3093 praesentis
998 2994 1186 3092 participia
1197 2993 1317 3065 uocari
1419 3037 1423 3043 -

146 3127 311 3210 possunt.

197 3237 233 3328 3)
246 3238 325 3309 Huc
337 3237 510 3309 accedunt
522 3236 657 3308 formae
673 3236 753 3308 illae
769 3235 919 3324 actiuae,
937 3233 1177 3322 utlubundns,
1195 3232 1318 3305 oriun-

145 3352 431 3442 (trasmundus,
463 3352 793 3442 uolua-ndussQuas
819 3364 854 3422 et
882 3350 978 3447 ipsas
1005 3349 1093 3420 nihil
1116 3347 1317 3444 exprimere

150 3468 220 3539 nisi
235 3468 336 3540 uerbi
355 3468 533 3540 actionem
552 3469 670 3564 ipsam
689 3466 937 3554 concederem,
958 3465 1080 3553 mod0‚
1107 3464 1226 3536 addito
1246 3486 1317 3533 uno

149 3583 275 3673 uerh0‚
293 3582 453 3654 dicerent
473 3608 492 3652 r<
508 3582 684 3654 actionem
706 3580 956 3678 imperfectam
969 3607 1002 3651 a.

199 3706 292 3778 Nam
321 3706 417 3804 quod
445 3707 488 3778 de
515 3705 778 3802 significatione
806 3703 996 3801 praeterita
1015 3701 1117 3774 uerbi
1144 3700 1319 3773 oriundus

148 3822 307 3919 disputat
322 3821 512 3910 Lebreton,
530 3846 602 3893 non
618 3820 705 3892 satis
720 3820 764 3892 ad
779 3844 855 3891 rem
869 3831 993 3915 aptum
1007 3830 1077 3889 est:
1099 3843 1116 3885 r<
1129 3815 1319 3886 D'ailleurs

149 3937 201 4009 les
226 3935 390 4034 adjectifs
417 3935 519 4008 actils
540 3949 621 4007 sont
640 3960 769 4007 encore
796 3933 842 4004 ici
858 3933 921 4005 des
947 3932 1102 4004 temoins
1118 3930 1287 4029 precieux
1308 3955 1316 4018 ;

149 4051 182 4123 le
210 4051 341 4124 suffixe
362 4079 387 4149 y
410 4054 573 4148 apparalt
592 4075 730 4122 comme
757 4048 992 4120 entierement
1011 4047 1125 4118 denuc
1145 4046 1188 4118 de
1208 4044 1321 4141 signi-

150 4165 531 4266 fication'temporelle
563 4165 625 4264 qui
658 4165 707 4236 lui
741 4163 811 4236 soit
842 4188 985 4260 propre.
1021 4161 1136 4252 Ainsi,
1165 4161 1254 4232 dans
1281 4185 1321 4232 ce
1389 4207 1392 4214 ·

151 4307 304 4380 passage
315 4280 485 4370 d’Attius,
501 4280 597 4353 undo
608 4278 767 4352 labenda
780 4277 876 4352 sonit
892 4276 1073 4374 (Ptine,
1087 4275 1130 4347 lr.
1148 4277 1176 4364 l,
1194 4275 1320 4371 n.57o)

184 4618 207 4666 l.
233 4617 357 4666 Eatenus
382 4615 428 4664 his
445 4613 578 4665 assentiri
599 4625 717 4677 possum
739 4625 809 4676 quae
836 4611 973 4662 Lebreton
998 4611 1067 4660 dicit
1091 4624 1116 4661 o.
1143 4609 1163 4660 l.
1189 4610 1216 4661 18
1241 4609 1318 4672 [tou.

152 4709 163 4738 n
181 4693 238 4748 Que
253 4692 306 4741 l'on
319 4703 453 4754 parcoure
464 4704 500 4740 au
510 4689 648 4740 contraire
659 4689 700 4739 les
717 4689 790 4738 seiza
802 4689 880 4738 cents
894 4687 1033 4750 exemplos
1048 4699 1100 4749 que
1114 4687 1149 4736 M.
1162 4684 1323 4737 Suellmann

153 4767 289 4816 areleves
306 4767 375 4816 dans
394 4765 435 4815 las
453 4766 579 4816 discours
593 4764 627 4814 de
645 4763 761 4813 Ciceron
779 4766 806 4813 et
819 4763 874 4812 l'on
892 4776 922 4812 se
936 4762 1112 4817 convaincra,
1128 4763 1157 4822 je
1172 4760 1254 4816 crois,
1273 4773 1325 4822 que

152 4842 288 4904 l’adjectif
305 4854 339 4892 en
356 4841 447 4890 -ndus
463 4841 507 4890 n'a
523 4840 558 4890 de
584 4838 723 4890 lui-meme
741 4852 848 4888 aucune
862 4837 1051 4900 signification
1064 4834 1235 4899 temporelle,
1256 4835 1326 4883 mais

152 4929 205 4980 que
225 4929 331 4967 comme
351 4918 380 4978 je
399 4916 444 4966 l'ai
464 4916 505 4965 dit
524 4915 587 4979 plus
609 4915 686 4971 haut,
701 4913 781 4976 apres
800 4914 838 4964 M.
861 4912 950 4970 BrtaL
972 4911 993 4962 il
1011 4912 1161 4975 n’exprirne
1180 4923 1231 4974 pas
1248 4912 1326 4959 autre

154 4993 240 5044 chose
258 5005 312 5057 que
326 4991 407 5043 l'idee
421 4992 456 5043 de
471 4991 586 5043 l’action
604 4990 660 5042 soit
676 4989 776 5050 active,
791 4989 846 5041 soit
860 4987 983 5052 passive.
1005 5005 1017 5034 »
