3534 5342
369 622 408 681 60
869 627 1032 676 urrnocus

419 856 525 948 Quod
559 855 604 928 ad
640 855 876 954 posteriorem
908 882 996 929 uero
1032 882 1138 930 usum
1175 856 1319 946 attinet,
1358 855 1535 954 participii

371 971 531 1044 eiusdem
546 971 689 1045 diuersa
700 971 766 1045 fuit
779 971 921 1044 fortuna
932 998 999 1070 pro
1009 973 1151 1045 diuersa
1163 971 1348 1070 utriusque
1360 973 1536 1045 sermonis

371 1101 498 1160 natura
517 1102 623 1185 atque
641 1087 799 1185 ingenio.
825 1087 895 1179 Qui
914 1088 1006 1161 inter
1025 1113 1063 1160 se
1082 1088 1234 1160 multum
1253 1087 1423 1160 differunt
1440 1088 1536 1186 quod
1614 1172 1617 1180 Ι

369 1203 486 1276 Latini
516 1203 671 1277 articulo
703 1217 836 1276 carent.
873 1205 1010 1303 ltaque,
1043 1205 1080 1275 in
1116 1205 1253 1277 Graeco
1284 1229 1462 1293 sermone,
1497 1217 1536 1275 ut

370 1318 587 1418 perundr'um
616 1318 822 1411 uenderet,
850 1319 1020 1392 articulus
1042 1320 1200 1392 maxime
1228 1319 1355 1392 fecisse
1379 1319 1535 1410 uidetur,

371 1435 433 1533 qui
470 1460 551 1506 cum
589 1434 766 1508 infinitiuo
802 1436 1016 1509 coniunctus
1053 1436 1148 1508 idem
1185 1436 1281 1533 quod
1316 1435 1535 1533 gerundium

370 1551 537 1623 Latinum
556 1551 626 1645 (τοῦ
646 1562 744 1649 λέγειν
764 1591 792 1608 =
817 1551 972 1645 dicendi)
995 1551 1181 1624 enuntiare
1205 1564 1334 1649 potest.
1359 1552 1407 1623 Ut
1427 1551 1538 1649 parti·

370 1666 505 1764 cipium
543 1667 720 1739 Graecum
755 1666 999 1740 necessitatem
1037 1693 1110 1739 non
1151 1667 1386 1765 exprimeret,
1425 1666 1534 1758 illud,

371 1782 513 1880 opinor,
526 1781 655 1873 effecit,
669 1783 766 1879 quod
781 1783 826 1854 ad
840 1782 1085 1880 designandos
1100 1808 1162 1856 eos
1176 1808 1302 1855 sensus
1318 1807 1381 1880 per
1396 1808 1487 1880 quos
1497 1807 1538 1854 ca

373 1897 472 1970 notio
500 1897 537 1968 in
562 1896 728 1970 Latinum
750 1898 980 1997 participium
1006 1897 1151 1971 inducta
1178 1911 1233 1971 est
1264 1898 1417 1996 (lepidus
1444 1897 1538 1970 scri-

372 2013 500 2086 bundis
514 2015 686 2109 creatus),
703 2014 830 2087 Graeci
840 2040 915 2108 ,non
927 2015 1052 2087 datiuo
1067 2013 1460 2112 utebanturparticipii,
1477 2013 1539 2085 sed

374 2128 555 2202 infinitiuo
584 2153 666 2200 cum
700 2130 849 2202 articulo
882 2144 916 2202 et
946 2130 1210 2228 praepositione
1246 2129 1363 2227 posito
1397 2132 1459 2226 (ἐπὶ
1492 2147 1538 2219 τῷ

373 2255 500 2344 γράφειν
533 2252 644 2341 νόμους
680 2248 883 2340 καθεστώς);
922 2260 957 2318 et
992 2245 1145 2334 formam
1181 2245 1227 2317 ad
1266 2245 1539 2342 exprimendam

374 2360 596 2433 necessitatis
617 2361 800 2434 notionem
814 2361 948 2458 (λυτέος)
965 2362 1180 2434 habuerunt.

423 2476 528 2566 Quod
548 2476 592 2548 ad
617 2476 794 2575 orr'pr'nem
814 2477 953 2574 figurae
969 2478 1005 2548 in
1024 2477 1134 2549 -ndns
1154 2477 1349 2550 desinentis
1366 2476 1534 2573 pertinet,

376 2605 415 2664 ut
429 2617 469 2664 ea
485 2618 575 2690 quae
591 2594 634 2666 de
649 2594 725 2666 eius
740 2619 808 2665 usu
823 2593 994 2682 diximuS,
1012 2618 1094 2665 cum
1110 2593 1328 2691 etymologia
1344 2590 1541 2690 perunctus

374 2747 403 2765 ==
438 2711 613 2805 φερὸμενος)
645 2708 878 2806 sagacissime
910 2735 930 2781 a
965 2709 1005 2780 L.
1043 2709 1158 2781 Havet
1187 2708 1371 2807 proposita
1404 2707 1539 2804 optime

375 2824 604 2914 concordant,
627 2825 675 2896 ita
694 2851 773 2898 eam
788 2851 860 2898 non
879 2824 1015 2898 faciunt
1030 2823 1178 2897 omnino
1196 2824 1446 2897 necessariam.
1470 2822 1541 2894 Sed

374 2939 1055 3042 huicquaestionisoluendaeimparem
1068 2938 1538 3035 mersseoumintellegam,
1599 2982 1606 2999 x

375 3055 596 3152 aliquantum
611 3054 763 3128 fortasse
775 3056 854 3128 uiae
866 3056 1064 3128 muniuisse
1075 3055 1160 3128 satis
1173 3055 1236 3128 sit:
1254 3055 1359 3127 attius
1371 3053 1540 3151 progredi

375 3171 472 3261 nole,
504 3196 548 3242 ne
578 3185 639 3243 aut
669 3197 745 3243 rem
775 3187 891 3244 actam
925 3197 1033 3269 agere
1067 3171 1157 3243 uelle
1190 3171 1324 3257 uidear,
1361 3182 1422 3242 ant
1453 3169 1539 3241 dum

376 3286 512 3358 maiora
531 3285 670 3359 uiribus
686 3287 857 3385 suscipio,
875 3289 1017 3378 ceratis,
1039 3301 1077 3360 ut
1098 3287 1212 3377 aiunt,
1232 3285 1361 3385 pennis
1380 3285 1487 3375 nitar,

860 3438 981 3511 Vt'treo
998 3438 1152 3511 daturus

679 3572 839 3644 Nomina
853 3585 981 3671 ponto.
1001 3573 1104 3670 (Hor.
1122 3572 1230 3643 O.1v.
1251 3597 1286 3662 2,
1302 3571 1392 3666 3-4).

1183 4352 1473 4701 νῑέῗέἓῒέἢ

1194 4645 1248 4734 ΨΑ]
1257 4665 1420 4738 trofimus
