3534 5342
512 626 556 670 nu
582 623 736 671 ceruum!
760 625 898 673 crucum
1252 617 1292 677 33

109 843 304 919 interdum
330 847 552 936 accusatiu03
575 873 691 946 neque
718 847 814 919 euim
836 847 1018 920 dicimus:
1047 848 1290 946 papnundum

108 985 239 1056 praue
256 974 322 1053 θεῖ,
339 963 371 1034 le
386 962 586 1038 combuttre
599 981 653 1035 est
667 963 736 1035 dur
750 991 785 1035 u.
805 962 944 1036 Dicitur
960 963 1105 1061 quidem
1118 989 1294 1062 papnun-

110 1075 202 1148 dom
220 1089 289 1166 est,
299 1077 542 1176 papnundum
558 1103 633 1150 θεεθ
645 1103 782 1169 θθηεθο,
796 1079 858 1152 sed
870 1079 904 1149 in
916 1078 1093 1151 eiusmodi
1106 1079 1293 1151 structuris

104 1193 372 1288 puqnondum,
386 1219 472 1282 non,
489 1208 528 1265 ut
536 1192 754 1292 puqnonu'O,
768 1219 907 1266 merum
921 1193 1052 1292 insecti
1063 1193 1293 1292 participium

113 1321 186 1398 est,
220 1308 286 1380 sed
317 1308 418 1407 quod
429 1308 527 1409 steri
547 1321 688 1408 oportet
717 1309 909 1408 significat.
933 1311 1055 1408 ltaque
1076 1311 1295 1407 gerundium

112 1447 203 1494 cum
225 1439 431 1497 constructo
455 1424 658 1522 gerundiuo
674 1424 913 1497 nuntiandum
935 1438 987 1496 θεῖ
1007 1425 1070 1497 uix
1091 1425 1295 1522 comparari

112 1553 265 1634 potest:
284 1565 356 1612 non
372 1554 457 1612 sunt
471 1540 631 1612 eiusdem
647 1540 792 1638 generis
808 1555 870 1613 aut
884 1540 1025 1631 saltem,
1042 1540 1073 1612 si
1093 1566 1138 1612 ex
1154 1542 1294 1630 eodem,

113 1667 154 1724 ut
172 1654 226 1726 ita
242 1655 359 1727 dicam
376 1682 460 1744 oue,
478 1681 552 1728 non
572 1682 615 1729 ex
632 1656 759 1728 eodem
768 1668 881 1754 patre
896 1656 1073 1729 oriuntur.
1092 1657 1296 1756 Utrumque

114 1794 210 1842 sane
244 1771 288 1843 ad
319 1771 599 1868 impersonalem
635 1797 741 1869 quem
785 1771 909 1844 dicunt
944 1773 1092 1845 modum
1128 1772 1293 1869 pertinet,

115 1874 386 1981 significatione
410 1911 558 1983 prorsus
578 1886 761 1959 differunt.
788 1889 910 1986 ltaque
934 1887 1021 1960 haec
1043 1887 1196 1985 probare
1224 1912 1295 1959 non

115 2025 231 2096 quen,
251 2027 343 2100 quae
366 2002 410 2074 de
429 2027 468 2074 ea
490 2028 528 2073 re
550 2002 726 2074 chrcton
747 2002 788 2096 (l.
811 2003 839 2075 l.
863 2028 899 2099 p.
921 2029 967 2075 20
989 2004 1088 2098 [164]
1106 2003 1265 2100 scripsit)
1284 2029 1292 2074 :

118 2141 138 2186 (ε
161 2116 285 2189 L'idee
300 2117 513 2190 d’intention
530 2143 575 2189 ou
591 2116 827 2215 d’obligatiou
843 2121 990 2215 penetra
1010 2118 1101 2191 dans
1121 2119 1295 2192 certaines

115 2233 385 2306 constructions
407 2234 455 2306 du
477 2228 654 2332 'gerondif
677 2233 931 2330 (nuntiandum
959 2247 1024 2325 θεῖ,
1049 2234 1102 2306 od
1123 2234 1295 2306 nuntian-

115 2347 222 2437 dum,
251 2355 366 2439 etc.).,
395 2349 439 2423 de
465 2353 582 2422 meme
609 2350 738 2449 qu'elle
764 2350 877 2422 s’etait
906 2350 1101 2424 introduite
1128 2350 1217 2424 dans
1243 2350 1295 2423 les

117 2466 388 2539 constructions
414 2465 601 2563 parallelos
627 2466 671 2539 dc
697 2465 871 2563 l’adjectif
888 2491 932 2538 en
950 2467 1059 2538 -ndus
1079 2479 1115 2539 et
1133 2491 1225 2563 pour
1244 2466 1295 2538 les

118 2584 259 2652 memes
288 2581 423 2653 motifs.
460 2611 478 2654 n
514 2582 608 2652 Nam
636 2580 875 2653 nuntiandum
909 2593 962 2653 θεῖ
994 2582 1039 2654 ad
1076 2581 1295 2679 gerundium
1327 2613 1329 2617 ·

119 2696 273 2768 minime
294 2697 468 2793 pertinet;
490 2710 558 2786 θεῖ,
577 2712 615 2770 ut
633 2697 681 2768 ita
700 2696 831 2786 dicam,
853 2711 955 2769 extra
969 2697 1201 2794 gerundium.
1221 2698 1294 2768 lam

120 2836 211 2883 uero
242 2813 340 2884 notio
369 2813 606 2901 necessitatis,
628 2811 751 2901 officii,
780 2813 969 2910 propositi,
1006 2812 1042 2884 in
1070 2825 1294 2885 structurum

120 2926 259 3000 nullom
280 2928 424 3001 inducta
448 2943 515 3017 est,
537 2927 599 3000 sed
621 2953 703 3001 cum
724 2927 796 3025 ipsi
810 2927 1028 3026 perendino,
1049 2954 1091 3000 eo
1108 2929 1216 3001 modo
1233 2929 1295 3027 qui

121 3041 362 3116 infradicetur
380 3047 430 3140 (p.
450 3043 903 3141 tasq.),accreuisset,hoc
917 3069 996 3116 cum
1014 3043 1124 3116 uerbo
1132 3069 1221 3134 θεεθ,
1237 3043 1294 3116 uel

122 3159 310 3231 enuntiato
327 3160 501 3247 subiectO,
520 3159 720 3232 adhibitum
737 3158 956 3252 (nuntiando
972 3185 1031 3231 res
1045 3162 1126 3254 est),
1145 3158 1201 3231 uel
1217 3159 1294 3231 sine

121 3272 284 3346 subiecto
299 3275 551 3370 (nuntiandum
569 3277 651 3370 θεῖ),
668 3300 748 3346 eam
771 3300 841 3347 non
861 3275 1010 3372 occepit,
1039 3276 1102 3347 sed
1129 3274 1290 3348 retinuit.

174 3390 297 3488 ltaque
329 3416 410 3462 cum
445 3390 593 3488 perfecti
627 3389 816 3488 participio
849 3391 991 3484 (lectus)
1020 3416 1061 3462 ea
1094 3389 1194 3462 notio
1219 3415 1292 3462 non

122 3505 332 3595 accreuerit,
354 3506 390 3576 in
412 3531 467 3596 eo,
486 3532 567 3578 cum
588 3505 700 3578 uerbo
718 3531 793 3578 θεεθ
813 3503 943 3602 posito,
965 3532 1148 3604 nunquam
1178 3505 1292 3594 adest,

123 3621 200 3693 siue
220 3646 302 3692 cum
326 3621 487 3694 subiecto
514 3621 620 3716 (lecto
644 3620 805 3720 Odyssea
825 3625 906 3715 θεῖ),
935 3622 1011 3692 siue
1035 3622 1113 3692 sine
1132 3620 1293 3694 subiecto

124 3735 266 3832 (lectum
282 3739 348 3830 θεῖ)
364 3738 522 3833 ponitur.
540 3737 609 3809 Sed
628 3762 672 3808 ne
688 3737 724 3806 in
738 3736 960 3809 nominatiuo
976 3761 1061 3808 casu
1075 3736 1292 3833 gerundium
1391 3827 1393 3832 Ι

123 3876 260 3922 meram
276 3851 377 3924 uerbi
389 3851 689 3949 significationem
701 3853 932 3948 exprimeret,
945 3851 994 3923 ita
1013 3866 1051 3923 ut
1066 3865 1187 3949 posset
1197 3851 1293 3923 hunc

122 3967 241 4040 locum
261 3982 451 4040 necantem
468 3993 645 4065 occupare
665 3993 791 4039 sensus
810 3967 1047 4058 necessitatis,
1066 3967 1133 4039 hoc
1151 3967 1293 4039 uidetur

123 4081 280 4154 maxime
290 4083 463 4172 effecisse,
474 4084 570 4182 quod
582 4083 779 4155 eratforma
790 4082 890 4154 finita
901 4108 992 4180 quae
1008 4082 1044 4154 id
1053 4082 1290 4179 exprimeret:

122 4198 220 4295 finge
245 4198 340 4270 enim
371 4197 607 4271 nuntiandum
634 4210 686 4269 θεῖ
711 4196 809 4268 nulla
835 4197 1043 4270 inhaerente
1070 4196 1293 4269 necessitatis

122 4313 267 4385 notione
299 4314 522 4386 nominatiuo
545 4339 629 4386 casu
662 4327 903 4410 usurpatum:
939 4313 1026 4411 quid
1051 4314 1123 4384 iam
1145 4312 1294 4385 interest

122 4428 214 4500 inter
233 4428 409 4502 eiusmodi
429 4429 666 4501 nuntiandum
685 4440 737 4499 θεῖ
757 4442 791 4499 θῖ
808 4428 1034 4500 nuntiatur?
1054 4427 1151 4499 Nihil
1173 4428 1291 4525 magis

122 4569 231 4642 quam
251 4543 344 4616 inter
368 4544 484 4616 currit
500 4560 535 4617 et
556 4569 707 4617 currens
730 4555 782 4616 θεῖ
804 4545 900 4640 quod
919 4556 984 4616 nec'
1007 4544 1127 4641 ipsum
1146 4543 1287 4616 dicitur.

123 4660 246 4757 Itaque
263 4686 342 4732 eam
362 4660 664 4757 significationem
692 4684 774 4731 cum
794 4658 940 4731 haberet
967 4659 1118 4752 uerbum
1147 4658 1290 4732 finitum

124 4774 357 4870 (nuntietur),
390 4790 576 4847 uocantem
608 4774 871 4848 nominatiuum
908 4800 1035 4847 sensus
1067 4774 1291 4848 necessitatis

122 4891 326 4987 occupauit.

1235 5039 1250 5083 ε
