3534 5342
535 531 580 576 DE
607 529 796 577 GERUNDIVI
821 529 971 574 TEMPORE
1199 569 1202 574 .
1299 523 1337 582 17

159 755 200 824 in
218 755 413 851 praesenti,
434 754 511 827 siue
541 754 578 825 in
601 754 808 852 praeterite,
830 754 907 826 siue
934 753 971 825 in
1001 752 1136 844 future,
1157 753 1336 827 actionem

162 895 245 940 eam
277 869 445 966 designat
472 895 574 967 ,quoe
603 870 650 966 fit
683 869 768 941 dum
803 869 880 941 olio
906 869 979 965 fit,
1009 868 1126 940 idest
1160 868 1338 940 actionem

88 1046 93 1050 .
163 984 429 1082 imperfectam.
445 987 568 1082 ltaque
587 1010 669 1056 cum
691 983 802 1055 futuri
822 983 930 1056 etiam
945 996 1005 1055 aut
1022 982 1204 1080 praeteriti
1226 982 1338 1055 uerbo

163 1099 409 1196 coniungitur.
429 1099 488 1170 Sic
502 1099 699 1196 Vergilius²
719 1099 810 1170 AEn.
830 1125 853 1170 1.
873 1098 1050 1171 261.262:

358 1249 458 1309 Faber
476 1248 597 1310 enim...

363 1347 501 1428 Longius
515 1357 544 1408 et
561 1345 694 1408 uoluens
709 1346 844 1406 latorum
860 1367 971 1406 arcana
986 1344 1118 1407 monebo
1136 1367 1143 1420 ;

165 1476 220 1551 sic
238 1479 391 1568 Tullius²
408 1479 466 1550 De
481 1480 565 1551 Sco.
589 1480 713 1551 16.55:

165 1628 262 1690 Curio
283 1629 322 1690 ad
338 1628 441 1689 locum
457 1629 573 1690 sedenti
595 1628 749 1690 Samnites
763 1649 914 1711 magnum
929 1628 996 1688 auri
1018 1627 1138 1710 pondus
1154 1627 1337 1690 attuleruut.

217 1763 364 1852 Contra,
383 1763 611 1862 participium
627 1763 725 1861 quod
742 1762 867 1834 dicunt
885 1761 1152 1859 «praeteritum
1169 1786 1187 1834 »
1211 1785 1342 1832 nomen

164 1892 315 1950 eatenus
345 1878 466 1967 decet,
496 1892 672 1976 quatenus
703 1877 883 1950 actionem
914 1876 1100 1974 designat,
1134 1901 1225 1974 quae
1257 1873 1341 1947 dum

165 1993 243 2066 olio
269 1993 336 2092 fit,
367 1994 443 2065 siue
471 1993 507 2063 in
528 1993 721 2091 praesenti,
754 1993 831 2064 siue
861 1991 898 2062 in
921 1992 1055 2080 futuro,
1076 1990 1153 2063 siue
1179 1990 1216 2061 in
1236 2015 1343 2089 prae·

164 2110 285 2198 terite,
304 2109 376 2180 iam
395 2123 449 2181 est
462 2110 647 2206 perfecto,
666 2107 819 2206 ideoque
833 2105 1043 2205 praeterito
1057 2109 1083 2178 1.
1375 2109 1377 2112 ’

217 2223 307 2296 lllud
324 2248 467 2322 quoque
483 2223 752 2296 admonendum
772 2223 941 2320 estquod
965 2221 1002 2292 in
1029 2220 1157 2293 Latino
1179 2245 1344 2293 sermone

166 2339 212 2411 ad
245 2338 521 2436 exprimendam
557 2364 694 2410 meram
730 2338 832 2410 uerbi
863 2335 1190 2435 significationem⁹
1220 2334 1343 2408 infecti

166 2453 397 2552 participium
417 2453 645 2542 transfertur,
663 2467 861 2526 uticeterae
878 2451 1000 2524 infecti
1020 2451 1121 2524 uerbi
1141 2449 1291 2524 formae.

216 2569 381 2668 Denique
397 2583 451 2642 est
467 2569 564 2666 apud
579 2570 778 2657 Romanos²
796 2581 835 2640 ut
852 2567 949 2665 apud
963 2567 1133 2656 Graecos,
1148 2565 1343 2639 uerborum

166 2709 255 2756 usus
286 2685 433 2783 quidam
463 2683 652 2782 poeticuS,
684 2709 755 2782 quo
780 2697 923 2780 tempus
950 2681 1102 2754 alterum
1133 2707 1199 2779 pro
1232 2682 1343 2754 altero

166 2813 375 2897 usurpatur,
409 2814 448 2872 ut
480 2799 533 2890 lit,
555 2823 637 2871 cum
660 2799 746 2871 dicit
763 2798 946 2895 Vergilius
968 2797 1005 2869 in
1027 2795 1186 2868 AEneide
1209 2797 1340 2894 9.265:

169 2941 188 2986 a
208 2915 355 2988 Cratera
375 2914 563 3013 antiquum
584 2939 693 3012 quem
718 2911 783 2986 dot
810 2913 958 2985 Sidonia
982 2911 1127 2984 Dide.»
1149 2911 1218 2983 Hic
1245 2913 1343 2985 enim

166 3029 232 3102 dot
257 3030 352 3102 idem
375 3044 429 3103 est
454 3043 561 3128 atque
587 3017 698 3120 dedit,
729 3042 791 3102 aut
816 3028 979 3101 dederat.

217 3146 315 3218 Haec
351 3145 381 3218 si
420 3145 501 3243 quis
532 3144 704 3235 attendet,
734 3143 863 3217 melius
898 3142 1084 3240 intelleget
1123 3167 1195 3240 quo
1234 3168 1343 3215 sensu

167 3260 369 3357 accipiendi
398 3260 471 3332 sint
502 3259 585 3348 loci,
614 3259 649 3330 in
671 3259 804 3358 quibus
823 3257 1068 3356 gerundiuum
1087 3257 1213 3330 eodem
1234 3282 1343 3329 sensu
1386 3253 1388 3260 ’

166 3376 255 3475 poni
275 3375 416 3447 uidetur
438 3400 479 3447 ac
491 3374 699 3473 proesentis
715 3373 958 3471 participium.
978 3415 1026 3426 ω
1044 3372 1230 3444 Eiusmodi
1245 3371 1343 3445 locos

167 3517 230 3564 eos
249 3489 487 3588 proferemuS,
500 3489 561 3588 qui
573 3503 635 3561 aut
648 3489 685 3559 in
701 3487 963 3588 antiquissimis
978 3487 1222 3590 monumentis
1236 3511 1343 3585 repe-

166 3607 323 3696 riuntur,
346 3620 407 3678 aut
428 3605 477 3677 ita
496 3617 581 3676 sunt
599 3617 639 3676 ut
659 3630 735 3677 rem
759 3603 983 3702 propositam
1000 3602 1158 3674 maxime
1171 3602 1338 3700 probent.

218 3720 339 3793 Primo
356 3720 435 3793 loco
451 3745 491 3792 ea
508 3721 677 3817 ponenda
702 3733 787 3793 sunt
806 3717 973 3817 exempla
990 3743 1082 3816 quae
1096 3717 1341 3815 gerundiuum

168 3835 317 3935 perfecti
346 3834 537 3933 participio
561 3848 800 3933 opponentes
823 3848 883 3906 aut
906 3859 988 3906 cum
1010 3831 1132 3905 infecti
1152 3832 1342 3929 participio
1388 3859 1390 3862 ·

168 3951 444 4048 coniungentes
467 3950 589 4022 infecti
609 3949 840 4048 participium
858 3974 937 4021 esse
956 3947 1114 4020 maxime
1132 3947 1338 4020 ostendunt.

170 4067 268 4140 Haec
288 4081 407 4139 autem
425 4065 623 4138 maximam
641 4078 781 4162 partem
802 4090 820 4138 e
843 4062 1014 4138 Dosson³
1043 4076 1217 4160 repetam.

203 4438 227 4488 t.
248 4437 290 4487 ct.
310 4437 358 4494 sis,
384 4448 454 4498 quae
471 4434 505 4484 de
523 4447 556 4484 ea
572 4447 602 4484 re
622 4431 737 4496 scripsit
751 4429 866 4489 Meillet
890 4431 988 4484 Reuue
1010 4431 1046 4482 de
1065 4429 1242 4494 Philoloqia
1266 4429 1342 4480 1897:
1384 4423 1386 4430 '

169 4511 212 4564 De
225 4513 354 4564 l’aorz'ste
366 4523 402 4561 aa
421 4511 507 4567 latta,
521 4511 616 4566 initio;
630 4511 678 4558 aut
695 4521 767 4571 quae
779 4508 862 4571 posui
873 4509 903 4558 in
916 4509 985 4558 meis
996 4506 1087 4559 Notas
1100 4506 1136 4557 de
1154 4505 1345 4558 Grammaz're

170 4589 265 4640 latine
283 4588 339 4651 (ch.
359 4587 412 4649 uit.
433 4586 522 4644 Paris,
541 4586 611 4637 1898.

202 4669 227 4719 2.
249 4667 327 4726 Quod
344 4680 396 4717 nos
414 4665 533 4715 dicimus
553 4681 565 4711 a
583 4664 695 4714 l‘aetiou
712 4663 825 4714 verbale
843 4676 911 4726 pure
932 4661 959 4712 et
982 4661 1123 4726 simple».
1148 4659 1189 4711 Gi.
1212 4661 1346 4710 Rtuunuu

170 4747 200 4796 et
217 4743 356 4800 (ierutzun,
374 4741 510 4793 Gratum.
531 4752 627 4804 comp.
649 4751 679 4798 11,
693 4743 705 4798 t
718 4739 836 4791 att-219.

202 4826 229 4875 3.
245 4823 368 4879 Dossou,
388 4821 410 4874 t.
428 4833 456 4872 o.
479 4833 509 4883 p.
528 4820 611 4870 30-31.

1294 4926 1307 4970 3
