3534 5342
525 673 569 718 nu
594 672 785 720 uununmvr
811 670 961 718 ruuronu
1287 657 1325 716 21

148 897 377 995 exprimunt,
398 911 433 970 et
459 897 562 970 uerbi
581 897 695 994 ipsius
714 895 910 984 notionem,
931 919 1040 992 quam
1060 917 1126 965 nos
1147 890 1327 962 abstracto

147 1013 253 1110 quod
270 1012 396 1086 dieunt
410 1013 557 1085 nomine
574 1014 627 1108 (lu
643 1009 887 1085 construction
903 1011 989 1082 d’un
998 1011 1121 1108 pont),
1138 1005 1175 1078 hi
1190 1030 1328 1102 gerun-

149 1127 241 1200 diuo
267 1129 412 1226 passiuo
437 1132 595 1226 (pontem
614 1126 847 1226 sociandum)
874 1136 1156 1223 repraesentant.
1184 1119 1254 1192 Sed
1283 1145 1328 1191 ex

149 1269 198 1314 eo
242 1242 372 1316 iniuria
417 1243 567 1341 colligas
599 1241 844 1340 gerundiuum
877 1265 949 1313 non
982 1265 1061 1313 esse
1098 1234 1327 1338 participium

148 1359 368 1455 praesentis,
397 1384 460 1431 seu
490 1358 619 1431 melius
645 1357 767 1429 infecti
794 1356 916 1430 :nihil
943 1355 1039 1428 enirn
1061 1356 1118 1428 hic
1137 1357 1238 1431 adest
1259 1357 1328 1430 nisi

149 1473 335 1572 participii
356 1500 442 1546 usus
468 1499 577 1572 quem
596 1472 823 1546 translatum¹
844 1471 980 1544 dicunt.

204 1589 320 1680 Quem
348 1614 454 1661 usum
473 1603 507 1662 et
534 1588 571 1660 in
598 1587 724 1661 Latina
750 1586 876 1684 lingua
894 1586 1074 1660 interdum
1097 1587 1327 1686 participium

149 1704 318 1802 perfecti,
340 1704 431 1777 etin
451 1703 592 1777 nostra²
615 1716 807 1800 utrumque
827 1701 1056 1799 participium
1077 1703 1126 1775 ita
1151 1704 1272 1795 habet,
1290 1718 1329 1778 ut

150 1819 404 1916 grammatici3
431 1819 579 1918 quidam
609 1817 738 1890 melius
771 1817 842 1889 dici
870 1830 1016 1914 putent,
1050 1844 1123 1891 non
1148 1820 1330 1919 participe

141 1937 311 2032 pre'sent,
334 1948 395 2007 aut
406 1938 531 2033 possi,
550 1948 590 2006 ut
606 1958 703 2006 nuno
726 1932 804 2005 fieri
830 1931 933 2022 solet,
955 1932 1018 2006 sed
1034 1933 1217 2033 participe
1236 1935 1337 2032 actis

151 2075 202 2121 ou
211 2049 352 2147 possis,
369 2063 409 2121 ut
424 2075 444 2120 a
461 2049 660 2121 maioribus
685 2049 820 2120 dictum
839 2060 905 2119 est.

204 2164 276 2236 Sed
286 2164 368 2237 utin
384 2164 511 2237 Latina
519 2164 644 2262 lingua
659 2163 855 2260 disputatio
873 2161 1113 2253 contineatur,
1124 2162 1185 2260 qui
1195 2177 1329 2260 negant

151 2278 400 2376 gerundiuum
421 2277 651 2376 participium
671 2302 749 2351 esse
762 2277 983 2376 proesentis,
1005 2277 1103 2375 quod
1125 2277 1214 2349 nihil
1231 2277 1329 2351 aliud

131 2487 134 2492 Ι
151 2393 337 2492 exprimat
356 2393 425 2466 nisi
445 2393 606 2466 eiusdem
633 2393 756 2491 stirpis
776 2391 996 2465 abstractum
1017 2418 1081 2464 seu
1103 2392 1328 2496 incorporale

152 2535 304 2601 nomen,
332 2534 395 2581 our
419 2508 515 2581 idem
536 2534 607 2581 non
626 2508 749 2581 dicunt
763 2533 846 2580 oum
866 2506 910 2580 de
930 2507 1119 2605 participio
1131 2508 1331 2605 praeteriti

153 2624 288 2722 agitur.
305 2624 415 2715 Quid,
433 2649 581 2722 quaeso,
598 2623 695 2722 quod
709 2623 754 2695 ad
767 2648 873 2695 usum
887 2622 1054 2719 pertinet,
1072 2623 1221 2696 interest
1235 2623 1328 2696 inter

152 2739 337 2812 conditum
356 2739 632 2812 eecondendum
655 2739 691 2809 in
711 2738 781 2810 hoc
802 2739 843 2809 T.
871 2736 977 2808 Liui⁴
1003 2737 1191 2810 notissimo
1211 2739 1289 2811 loco
1317 2765 1326 2812 t

156 2879 175 2923 «
190 2855 288 2926 Ante
297 2854 493 2944 conditum,
511 2853 778 2926 condendamue
793 2852 916 2925 urbem
928 2880 963 2941 )),
979 2851 1050 2924 nisi
1064 2853 1162 2951 quod
1176 2853 1327 2926 alterum

152 2968 326 3066 perfecti,
358 2970 510 3042 alterurn
534 2967 734 3066 imperfecti
760 2992 823 3039 seu
847 2967 967 3040 infecti
999 2967 1229 3065 participium
1256 2982 1322 3041 est.

152 3085 230 3156 Nec
256 3083 353 3157 aliud
376 3084 568 3183 quicquam
595 3084 767 3156 interesse
795 3082 889 3155 inter
915 3096 1105 3180 sequentes
1133 3083 1327 3156 sententias

153 3198 185 3270 si
206 3198 288 3297 quis
308 3199 585 3296 comparauerit,
608 3197 778 3270 inueniet.

192 3349 240 3409 Ex
260 3369 387 3424 eoslauro
405 3348 550 3409 buculam
568 3348 700 3410 curauit
822 3349 996 3410 Inueutum
1036 3348 1090 3408 tibi
1136 3349 1258 3410 curabo
1300 3361 1329 3410 et

144 3445 358 3526 faciendum.
383 3446 459 3524 (Cic.
488 3467 513 3507 1.
535 3446 608 3507 Diu.
629 3447 693 3527 24).
782 3467 902 3506 mecum
934 3445 1099 3506 adductum
1128 3456 1216 3506 tuum
1240 3449 1329 3508 Pam·

782 3544 913 3626 philum.
932 3544 1009 3624 (Ter.
1027 3543 1113 3605 Ant.
1130 3544 1218 3622 624).

196 3641 354 3703 Secundae
363 3661 411 3701 res
419 3649 630 3701 transuersum
639 3650 702 3701 tru-
822 3641 1008 3721 Priusquam
1029 3641 1158 3723 incipias
1183 3641 1328 3704 consulto

155 3739 227 3800 dere
245 3740 467 3799 solentarecte
484 3737 696 3800 consulendo.
784 3738 837 3798 ubi
872 3737 1061 3799 consulueris
1093 3748 1211 3799 mature
1229 3739 1328 3820 facto

154 3839 232 3916 (Cat.
250 3837 342 3916 Orip.
356 3836 393 3897 23
412 3837 459 3898 ed.
475 3836 614 3920 Jordan).
783 3857 860 3918 opus
874 3845 929 3896 est.
947 3835 1037 3914 (Satt.
1057 3835 1131 3898 Cot.
1154 3837 1227 3914 no).

205 3969 343 4061 Quodsi
354 3968 589 4060 condendum,
598 3969 827 4068 faciendum,
838 3968 1052 4043 consulendo
1063 3970 1166 4068 quasi
1182 3969 1328 4042 nomina

1161 4159 1323 4168 ——-—

188 4268 211 4318 1.
231 4267 274 4318 Cf.
290 4269 422 4317 anunuu
436 4269 464 4316 et
480 4267 619 4324 Gonnzun,
638 4266 773 4320 orarum.
792 4279 890 4330 comp.
908 4279 937 4326 11,
954 4267 964 4329 ξ
982 4266 1038 4316 218.

185 4350 211 4398 2.
231 4347 274 4396 cf.
293 4347 410 4408 Rncma,
429 4346 612 4404 Athatie1,1:

356 4426 460 4476 Faut-il
475 4426 571 4476 Abner
585 4439 654 4476 vous
671 4426 810 4490 rappeler.
821 4465 842 4477 ..

358 4505 414 4553 Des
431 4505 528 4565 tyrano
546 4501 660 4552 d’Israel
678 4501 718 4551 les
737 4500 862 4552 celebres
880 4499 1033 4563 disgreees

357 4577 391 4626 ut
406 4576 476 4626 Dieu
495 4576 597 4628 trouve
611 4575 696 4627 fidele
713 4588 748 4626 en
763 4580 855 4626 tontes
871 4589 917 4626 ses
934 4584 1075 4625 monacas.
1086 4590 1126 4636 ..;

357 4651 418 4702 Elio
433 4666 487 4702 aux
504 4649 639 4701 elementa
656 4652 780 4716 portant
800 4665 834 4700 en
852 4650 1010 4706 souverain,

356 4729 408 4776 Les
426 4726 506 4776 oieux
521 4740 571 4789 par
588 4728 627 4777 lui
645 4726 753 4789 termes
767 4729 795 4776 et
810 4726 933 4776 devenus
952 4725 1080 4776 d'airain.
1090 4765 1112 4776 ..

266 4822 269 4826 s
358 4803 410 4852 Les
425 4805 511 4852 morts
527 4815 557 4852 se
573 4803 733 4852 rautmans
751 4801 768 4852 a
784 4801 810 4851 la
824 4802 888 4851 voix
902 4799 1052 4863 d’Elysee‘t

185 4883 210 4932 3.
232 4881 275 4930 ct.
296 4879 437 4939 cuduinus,
458 4879 647 4933 Grammaire
663 4881 822 4948 francaise.
844 4881 933 4943 Paris,
954 4880 1021 4937 1887,
1039 4880 1121 4946 3927.

185 4961 210 5013 4.
233 4962 266 5012 Τ.
285 4961 317 5011 L.
336 4959 436 5025 Praef.
450 4961 484 5028 fi·
