3534 5342
521 547 565 594 nn
592 545 746 593 urrunnu
770 546 908 593 camma
1265 537 1302 597 41

128 786 249 844 semet
260 770 486 870 adflictcnn'o
501 771 607 844 modo
624 770 788 868 singulos
800 770 946 873 nomine
956 768 1068 860 ciens;
1083 770 1186 858 adde,
1200 767 1300 856 ibid,

127 888 254 983 13.47;
272 889 368 958 dnn.
389 888 507 977 15.38;
525 887 618 958 Hr'st.
639 887 736 976 1.23;
756 887 856 974 235,
876 887 1103 983 cet.).ltaquc
1119 884 1301 982 gerundii,

129 1028 220 1074 cum
240 1003 363 1075 eadem
379 1002 453 1076 fere
473 1004 528 1074 uis
548 1018 641 1076 esset
659 1016 765 1101 atque
781 1001 960 1099 participii
976 1001 1188 1099 praesentis,
1209 1000 1304 1072 idem

131 1118 330 1217 aliquando
350 1118 417 1191 fuit
436 1144 536 1210 usuS,
560 1118 595 1189 in
615 1118 735 1191 uerbis
755 1116 1187 1206 transitiuistransitiuus

187 1288 319 1360 Multae
355 1289 465 1386 igitur
497 1303 535 1360 ut
564 1314 609 1360 ex
641 1288 748 1360 unius
780 1285 896 1358 Plauti
927 1313 1014 1375 usu,
1041 1300 1209 1384 apparet,
1247 1299 1308 1358 aut

131 1404 381 1501 significandi,
399 1419 460 1476 aut
475 1405 585 1476 uerba
605 1404 697 1476 inter
709 1429 746 1476 se
762 1403 983 1500 opponendi,
1000 1416 1061 1474 aut
1075 1417 1189 1474 metro
1204 1402 1308 1474 ohse-

132 1520 272 1618 quendi
300 1521 543 1609 necessitates,
571 1520 765 1616 scriptores
790 1518 998 1607 mouebant,
1025 1532 1063 1589 ut
1086 1518 1304 1613 gerundium

133 1660 222 1707 cum
248 1635 379 1708 obiecti
409 1636 614 1708 accusatiuo
633 1635 814 1707 interdum
843 1648 1112 1731 componerent.
1142 1634 1212 1705 Sed
1237 1632 1305 1704 hoc

133 1750 217 1822 fieri
243 1751 391 1822 minime
420 1753 535 1848 potuit
558 1751 627 1822 nisi
651 1749 843 1847 gerundiui
872 1750 1007 1846 passini
1036 1764 1181 1846 propter
1201 1774 1306 1820 usum

137 1867 344 1939 absolutum
369 1868 479 1965 (quod
492 1866 709 1964 gerundium
726 1869 796 1951 est)
810 1865 865 1936 uis
882 1865 1026 1962 passiua
1039 1864 1304 1936 obscuraretur.

139 1983 265 2080 ltaque
289 1983 326 2053 in
347 1983 467 2055 uerbis
482 1982 694 2070 transitiuis,
723 1995 762 2052 ut
788 1995 871 2052 sunt
892 2006 1053 2070 monere,
1083 1980 1245 2077 agitare,
1273 1993 1307 2050 et

135 2097 358 2195 gerundium
375 2098 582 2194 (monendo)
596 2112 631 2170 et
646 2095 799 2169 formula
810 2095 1065 2192 exprimendae
1087 2095 1309 2167 necessitatis

138 2213 373 2312 (agitandum
389 2223 470 2308 est),
487 2237 694 2311 quanquam
708 2211 903 2309 plurimum
923 2211 1184 2307 significatione
1204 2209 1310 2282 diffe-

137 2344 239 2420 runt,
268 2345 402 2420 tamen,
424 2329 521 2427 quod
543 2331 580 2400 in
598 2344 748 2426 utroque
768 2327 901 2425 pariter
927 2352 1014 2398 usus
1040 2326 1226 2398 absolutus
1246 2351 1308 2397 sen

139 2446 393 2542 impersonalis
413 2445 595 2542 passiuam
619 2443 693 2516 uim
716 2443 936 2532 obscurano,
965 2440 1096 2538 pariter
1120 2441 1307 2512 transitiue

140 2560 382 2633 adhibentur:
417 2559 593 2633 monendo
621 2558 794 2632 medicum
821 2557 880 2654 (Ρ.
904 2557 1002 2629 Men.
1033 2558 1127 2650 883),
1161 2557 1309 2652 agitan-

138 2675 224 2748 dum
244 2688 296 2748 est
311 2676 460 2774 uigilias
477 2676 554 2772 (Id.
578 2675 677 2748 Trio.
701 2675 800 2772 869).

191 2845 261 2917 Sed
276 2845 372 2916 hunc
386 2871 491 2916 usum
502 2844 668 2941 gerundii
690 2870 770 2915 cum
788 2843 927 2915 obiecto
943 2841 1063 2938 positi,
1077 2841 1144 2913 etsi
1161 2866 1308 2939 eaquae

142 2976 312 3057 argentea
328 2961 457 3033 dicitur
468 2974 582 3032 aetate
597 2960 683 3031 satis
697 2958 866 3058 frequens
881 2957 1049 3046 occurrit,
1066 2970 1184 3028 tamen
1197 2955 1309 3028 multo

140 3075 315 3148 rariorem
336 3103 444 3174 quam
455 3076 621 3172 gerundii
636 3075 762 3164 solius,
780 3073 1042 3170 autgerundini
1058 3099 1176 3161 usum,
1192 3073 1309 3144 omnis

143 3192 358 3264 Litterarum
391 3193 639 3263 Romanarum
680 3191 851 3262 memoria
882 3203 1033 3262 testatur
1056 3189 1080 3260 ¹.
1120 3187 1224 3278 Quod
1264 3186 1309 3258 ad

143 3309 333 3380 Caesarem
349 3305 362 3349 ²
376 3307 516 3396 attinet,
538 3307 600 3404 qui
618 3306 685 3378 fuit
704 3320 742 3379 ut
763 3307 840 3403 ipse
859 3306 903 3378 de
928 3305 1093 3385 Terentio
1113 3303 1201 3375 Afro
1225 3303 1311 3375 dicit

145 3423 258 3519 «puri
273 3423 449 3494 sermonis
462 3422 622 3494 amator3
634 3450 669 3510 n,
687 3421 930 3519 gerundiunm
951 3420 1135 3492 ducenties
1149 3419 1310 3515 octogies

144 3538 264 3627 habet,
296 3538 514 3634 gerundium
548 3539 624 3609 sine
653 3537 793 3609 obiecto
813 3536 948 3610 centies
976 3534 1150 3632 nonagies
1173 3549 1239 3622 ter,
1275 3546 1311 3606 at

142 3653 359 3750 gerundium
390 3679 472 3726 cum
492 3652 632 3725 obiecto
652 3654 784 3749 septies
808 3667 869 3724 aut
896 3651 1018 3724 octies.
1041 3651 1187 3722 Plautus
1207 3675 1307 3738 uere,

142 3769 304 3866 uulgaris
325 3795 424 3858 usus
450 3794 491 3840 ac
515 3767 624 3866 prisci
647 3767 824 3841 sermonis
843 3767 944 3840 testis
967 3766 1152 3862 egregiuS,
1171 3791 1308 3863 gerun-

142 3885 267 3956 diuum
308 3884 524 3981 quadragies
563 3885 694 3974 sexies,
739 3882 956 3980 gerundium
995 3882 1127 3954 centies
1168 3895 1307 3979 quater,

141 4001 359 4098 gerundium
374 4026 456 4072 cum
472 4000 612 4071 obiecto
628 4013 765 4072 tantum
789 3998 972 4071 terdecies

191 4117 296 4188 Nune
317 4116 533 4212 gerundiuo,
551 4130 742 4213 postquam
762 4113 980 4211 gerundium
1001 4139 1046 4186 ex
1066 4139 1103 4184 se
1118 4125 1307 4210 genuerat,

142 4233 333 4369 quqmodo
346 4230 567 4303 necessitatis
584 4231 683 4302 notio
703 4229 911 4320 accreuerit,
931 4213 1224 4326 inuestigandum
1241 4242 1306 4300 est.

1206 4430 1311 4440 ..ι-

176 4549 200 4597 1.
221 4548 481 4600 Ct.Wu1swn1Lnn.
502 4547 522 4598 l.
544 4546 564 4598 t.
587 4561 617 4610 p.
639 4547 692 4597 109.

174 4630 199 4678 2.
220 4630 368 4687 Gonnum,
382 4629 466 4690 Prog.
483 4629 616 4690 Rogasen
633 4627 701 4687 1887,
716 4627 790 4690 apud
808 4628 1010 4688 Wnrswnrurur,
1027 4628 1049 4678 Ι.
1070 4627 1091 4679 1.
1112 4627 1214 4692 11109.

174 4711 199 4760 3.
221 4709 346 4760 Suetonii
366 4707 397 4760 T.
414 4707 568 4772 reliquiae,
586 4707 631 4758 ed.
652 4707 688 4756 A.
706 4709 940 4766 Rnrrrnnscnrun,
959 4723 988 4772 p.
1009 4709 1050 4760 34.

622 4865 833 4879 ——uu—
