3534 5342
428 601 467 663 38
711 611 755 656 ue
780 609 968 658 anausoni
995 608 1061 656 usu
1087 607 1299 656 ancaurroae

454 867 478 907 1.
500 845 592 928 Cupi.
618 844 702 926 743..
827 845 925 904 Breue
945 841 1079 926 spatium
1093 851 1138 903 est
1148 840 1352 924 perferundi
1372 861 1456 924 quae
1471 839 1597 902 minitas

865 941 952 1002 mihi.

449 1063 477 1102 2.
501 1041 588 1102 Trin.
615 1039 699 1100 1131.
829 1039 917 1118 Quod
963 1039 1069 1099 datum
1106 1037 1303 1110 utendumst,
1345 1035 1521 1118 repetundi
1563 1032 1598 1094 id

866 1137 991 1219 copiast,
1008 1135 1131 1217 quando
1146 1135 1231 1196 uelis.

359 1279 364 1292 ·
449 1239 477 1300 3.
495 1237 597 1300 Sn'cn.
615 1237 685 1298 681.
830 1235 953 1296 Stichus
966 1245 1154 1318 opsonatust.
1174 1234 1315 1294 Ceterum
1334 1231 1481 1294 curando
1497 1231 1598 1292 idme

866 1333 1019 1415 adlegaui.

449 1436 479 1506 4.
496 1434 583 1495 Men.
600 1427 675 1494 686.
829 1434 914 1511 Quae
932 1430 1072 1507 conmisi,
1096 1441 1129 1491 ut
1143 1451 1191 1490 me
1206 1429 1360 1501 defrudes,
1383 1429 1422 1490 ad
1443 1449 1509 1489 eam
1531 1445 1597 1486 rom

866 1529 1002 1590 adfectas
1023 1530 1120 1591 uiam.

827 1629 886 1688 Me.
899 1629 1004 1708 Neque
1016 1627 1121 1709 edepol
1134 1634 1163 1687 le
1173 1626 1382 1708 defrudandi
1391 1646 1482 1685 causa
1492 1643 1595 1706 posco.

448 1730 476 1790 5.
495 1726 645 1790 Pseudol.
662 1727 724 1788 5.6.
824 1721 1593 1807 Duorumlaboriegohominumparsissemlubens:

592 1877 594 1882 ,
827 1825 886 1884 Mei
905 1835 934 1886 le
953 1824 1109 1904 ropundi‚
1127 1834 1155 1884 et
1170 1823 1208 1884 tis
1223 1822 1424 1904 respondendi
1440 1820 1527 1881 mibi.

452 1925 481 1985 6.
499 1923 600 2005 Epid.
620 1923 687 1994 bob.
831 1922 889 1981 Abi
905 1921 995 1982 modo
1010 1922 1101 1998 intro,
1117 1933 1208 2003 atque
1225 1921 1304 1980 hanc
1318 1921 1447 1981 obserua
1463 1918 1593 1988 Circam,

867 2020 940 2080 solis
960 2019 1070 2081 filiam.

827 2120 893 2199 Ego
913 2117 1024 2177 relictis
1045 2117 1136 2177 rebus
1157 2115 1331 2198 Epidicum
1352 2135 1476 2197 operam
1493 2133 1593 2197 quae·

869 2215 971 2276 rendo
991 2215 1084 2276 dabo.

457 2336 485 2394 7.
502 2313 575 2374 Mil.
599 2312 684 2393 plor.
703 2313 771 2374 255.
835 2315 918 2374 lntro
938 2313 988 2372 abi
1005 2335 1089 2395 ergo,
1111 2323 1139 2373 et
1160 2312 1185 2372 si
1207 2311 1286 2373 istist
1307 2310 1426 2383 mulier,
1446 2331 1514 2370 eam
1528 2308 1595 2369 iube

869 2412 928 2473 cito
943 2412 1069 2472 domum
1087 2410 1271 2472 transire...

1144 2510 1182 2568 El
1197 2508 1320 2590 quidem
1336 2529 1391 2589 ego
1407 2507 1458 2567 ibo
1473 2506 1593 2566 domum

831 2609 930 2689 Atque
948 2607 1110 2668 bominem
1133 2606 1365 2687 inuestiqando
1386 2627 1510 2687 operam
1528 2604 1594 2664 huic

871 2705 1133 2766 dissimulabiliter
1147 2705 1226 2765 dabo

832 2805 892 2883 Qui
915 2803 1007 2864 fuerit
1025 2825 1198 2875 corsorum,
1222 2802 1274 2884 qui
1296 2801 1385 2862 hodie
1410 2801 1449 2862 sit
1470 2810 1595 2861 sectatus

872 2902 1005 2962 simiam.

451 3003 480 3062 8.
503 3001 591 3062 Trin.
616 3000 703 3071 1048.
828 3001 907 3060 Male
920 2999 1027 3081 fidem
1047 2998 1211 3060 seruando
1227 2999 1294 3059 illos
1314 3019 1435 3080 quoque
1449 3001 1596 3077 abrogant

871 3098 964 3158 fidem

833 3195 893 3273 Qui
911 3195 987 3255 nihil
1004 3196 1112 3257 meriti.

456 3317 485 3376 9.
504 3295 575 3356 Cas.
598 3295 662 3375 189.
835 3296 906 3356 Ceu.
919 3294 1127 3355 Virmehabet
1138 3293 1288 3377 pessumis
1298 3289 1593 3374 despimlammodiS,

832 3394 894 3451 Nec
906 3391 981 3451 mihi
995 3392 1044 3453 ius
1060 3413 1164 3452 meum
1180 3391 1350 3452 obtinendi
1364 3390 1446 3473 optio
1458 3399 1511 3451 est.

832 3491 935 3551 Mina.
952 3489 1029 3549 Mira
1045 3501 1118 3550 sunt
1132 3511 1205 3550 uera
1218 3490 1243 3549 si
1259 3488 1415 3571 praedicas
1430 3511 1436 3562 ;
1455 3508 1526 3547 nam
1542 3483 1596 3545 uiri

749 3585 750 3592 '
835 3589 885 3646 lus
900 3609 990 3647 suum
1013 3587 1149 3648 obtinere
1162 3589 1199 3648 ad
1220 3586 1361 3647 mulieres
1377 3585 1459 3646 haud
1474 3592 1595 3666 queunt.

443 3707 487 3749 ιο.
507 3686 603 3748 Curc.
623 3687 694 3765 706.
837 3686 980 3757 Dicuudi‚
998 3707 1058 3745 non
1075 3707 1143 3745 rem
1158 3685 1327 3767 perdundi
1341 3683 1441 3766 gratia
1456 3683 1529 3743 haec
1543 3683 1595 3761 (sc.

874 3784 994 3866 lingua)
1010 3794 1110 3844 natast
1125 3783 1215 3846 mihi.
1253 3799 1255 3803 ’
1475 3841 1478 3848 ,

442 3881 608 3942 11.Poen.
631 3881 702 3943 223.
839 3883 900 3941 Eae
929 3887 985 3962 (sc.
1019 3882 1159 3950 ancillae)
1191 3901 1248 3942 nos
1277 3878 1433 3953 leuando,
1467 3875 1599 3940 eluendo

873 4001 997 4060 operam
1011 3979 1170 4040 dederuut.

442 4097 486 4136 12.
507 4075 613 4136 Sticn.
639 4061 707 4154 i17.
831 4079 967 4137 Potestas
999 4076 1241 4158 adipiscendis!
1274 4072 1435 4155 plurium,
1465 4074 1598 4144 laudem,

876 4175 978 4238 decus.

443 4273 488 4335 13.
505 4271 594 4332 Men.
618 4270 689 4332 882.
837 4273 947 4332 Lumbi
970 4273 1111 4348 sedendo,
1133 4272 1211 4333 oculi
1226 4270 1388 4353 spectando
1408 4270 1521 4342 dolent,
1539 4288 1602 4329 mu-

876 4371 982 4431 nendo
998 4370 1157 4432 medicum
1172 4371 1247 4430 (lum
1260 4391 1291 4430 se
1305 4392 1341 4430 ex
1358 4390 1447 4451 opere
1462 4367 1596 4450 recipiat.

489 4540 585 4611 Haeo
611 4538 794 4635 exempla,
832 4539 862 4611 si
888 4541 933 4611 ad
962 4555 1167 4612 contextum
1202 4541 1395 4612 uerborum
1421 4538 1600 4625 attendas,

444 4654 588 4725 Plautus
600 4679 705 4751 quam
723 4680 803 4726 raro
814 4655 1016 4753 quibusque
1028 4656 1228 4728 rationibus
1239 4656 1414 4729 adductus
1428 4652 1604 4751 gerundio

444 4768 775 4859 [rausitiueutatur²
789 4770 995 4843 ostendunt.
1019 4773 1110 4842 Nam
1127 4772 1163 4842 in
1180 4771 1304 4870 primis
1329 4775 1378 4866 (1.
1402 4798 1435 4844 2.
1455 4771 1489 4841 3.
1510 4770 1545 4856 4.
1569 4770 1602 4864 5)

443 4883 660 4982 gerundium
687 4910 769 4957 cum
796 4887 1009 4982 pronomine
1031 4887 1250 4986 coiungitur,
1279 4903 1341 4960 aut
1359 4901 1487 4960 neutro
1511 4889 1606 4986 quod
