3534 5342
760 584 803 630 DE
829 583 1016 630 GERUNDIVI
1042 583 1107 630 USU
1131 582 1342 630 RECENTIORE

791 1024 965 1096 CAPUT
1009 1023 1309 1096 SECUNDUM
1388 1041 1391 1048 '

464 1252 662 1300 GERUNDIVO
688 1251 787 1298 NOTIO
813 1251 1057 1316 NECESSITATIS,
1085 1253 1218 1316 oraton,
1240 1253 1331 1317 CET.,
1359 1254 1404 1298 Ex
1423 1251 1632 1299 STRUCTURIS

513 1367 711 1432 QUIBUSDAM
740 1367 886 1414 Pass1vts
907 1366 981 1422 Qum
1005 1367 1101 1414 ESSET
1124 1367 1321 1414 rnorostwtt
1341 1368 1405 1414 SEU
1427 1365 1634 1412 DESTINATUM
1700 1407 1702 1413 ,

514 1483 784 1529 EXPRIMENTIBUS
809 1483 989 1530 ACCREVIT.

513 1660 557 1730 Α.
581 1657 659 1730 Hoc
677 1658 796 1756 ipsum
817 1671 1027 1755 antequam
1047 1656 1229 1755 quomodo
1249 1656 1383 1730 factum
1403 1656 1449 1730 sit
1467 1654 1632 1744 ostendo,

466 1773 589 1871 paucis
608 1773 900 1871 respondendum
918 1773 1060 1845 uidetur
1080 1772 1157 1844 eis*
1182 1771 1257 1870 qni,
1279 1773 1369 1846 duce
1390 1771 1632 1860 Weisweiler,

466 1891 558 1961 hanc
578 1889 760 1961 notionem
779 1888 1013 1986 principalem
1033 1913 1110 1960 esse
1127 1888 1361 1961 contendunt.

514 2003 742 2076 Weisweiler
753 2003 925 2076 ratiolsic
938 2004 1095 2076 breuiter
1104 2003 1227 2100 colligi
1236 2018 1366 2101 potest.
1384 2030 1402 2074 u
1414 2005 1453 2075 ln
1466 2027 1631 2076 sermone

465 2120 593 2192 Latino
608 2145 690 2190 cum
708 2119 859 2192 fuissent
873 2119 977 2191 initio
992 2119 1178 2217 participia
1198 2121 1283 2210 duo,
1305 2120 1457 2192 alterum
1474 2119 1629 2191 actiuum

465 2236 641 2309 actionem
666 2233 835 2307 inlectam
858 2235 1025 2331 (legens),
1056 2235 1206 2307 alterum
1230 2235 1430 2332 passiuum,
1455 2234 1631 2306 actionem

467 2350 661 2448 perfectam
682 2351 820 2447 (lectus)
840 2351 1062 2447 exprimenS,
1084 2350 1139 2422 his
1161 2365 1387 2424 accesserunt
1404 2375 1498 2422 nona
1521 2348 1632 2446 parti-

466 2466 559 2563 cipia
579 2466 663 2556 du0,
684 2467 835 2538 alterum
860 2466 1018 2538 antinum
1044 2465 1245 2561 (lecturus),
1273 2466 1460 2564 passiuum
1483 2464 1631 2536 alterurn

467 2581 683 2678 (legendus),
706 2580 882 2654 actionem
903 2595 1095 2679 utrumque
1122 2582 1329 2679 exprimens
1352 2606 1425 2653 non
1450 2579 1630 2666 inlectam,

470 2698 530 2770 sed
547 2695 718 2785 futuram,
740 2723 823 2768 nam
840 2695 1009 2793 legendus
1024 2722 1104 2768 cum
1118 2697 1283 2795 legentur
1293 2696 1551 2769 conferendum
1567 2708 1628 2768 cst.

465 2813 536 2884 Sed
562 2827 601 2884 ut
624 2813 660 2882 in
691 2813 879 2909 participio
899 2813 1016 2883 actiuo
1045 2813 1182 2885 notioni
1210 2813 1321 2884 futuri
1339 2813 1489 2885 accessit
1507 2835 1631 2883 sensus

466 2928 641 3025 propositi
657 2953 698 2999 ac
720 2927 928 3016 uoluntatis,
952 2929 1000 3000 ita
1019 2927 1056 2998 in
1086 2928 1231 3024 passiuo
1257 2954 1385 3001 sensus
1413 2926 1631 3019 necessitatis

466 3044 575 3115 acrei
602 3044 776 3140 agendae.
799 3072 818 3116 n

515 3160 611 3231 Haec
639 3158 742 3231 facile
769 3159 898 3249 diluas,
923 3159 953 3230 si
981 3174 1081 3231 notes
1108 3159 1218 3231 fuisse
1248 3159 1284 3230 in
1313 3159 1441 3232 Latino
1467 3182 1628 3230 sermone

463 3274 691 3372 participium
708 3275 819 3346 futuri
840 3275 976 3371 passiui
992 3275 1134 3371 (lectum
1155 3275 1233 3370 iri),
1252 3275 1416 3374 ideoque,
1437 3275 1524 3347 dum
1544 3272 1628 3344 illud

464 3405 597 3479 manet,
616 3415 688 3461 nou
706 3415 851 3462 necesse
871 3390 982 3462 luisse
1005 3391 1174 3487 legendus
1199 3391 1360 3462 futurum
1387 3391 1627 3488 exprimeret3

464 3506 583 3603 ipsum
620 3531 706 3578 uero
747 3506 917 3602 legendus
949 3505 994 3577 ad
1033 3506 1182 3604 stirpem
1213 3505 1323 3578 futuri
1354 3508 1473 3603 legent
1502 3505 1631 3576 frustra

464 3621 589 3693 referri
618 3620 677 3712 (cl.
715 3646 824 3716 supra
853 3621 997 3715 30-31);
1028 3621 1183 3719 denique
1206 3647 1284 3693 esse
1314 3622 1350 3691 in
1381 3619 1631 3693 uetustissimis

465 3737 613 3808 Latinae
640 3736 785 3833 linguae
809 3736 1051 3809 monumentis
1072 3750 1154 3808 ante
1182 3737 1297 3808 Plauti
1319 3749 1470 3808 aetatem
1500 3735 1630 3808 formas

464 3852 653 3949 quasdam,
673 3867 711 3923 ut
722 3851 910 3942 secundun,
931 3850 1155 3941 occidendae,
1170 3878 1190 3924 a
1211 3853 1342 3950 quibus
1357 3852 1450 3924 absit
1466 3852 1565 3924 notio
1582 3850 1631 3922 rei

465 3968 626 4064 agendae
651 3992 691 4038 ac
706 3967 942 4057 necessitatis,
964 3982 997 4040 et
1014 3966 1151 4058 futuri,
1180 3968 1356 4041 Plautinis
1380 3993 1466 4040 uero
1490 3980 1630 4064 tempo-

466 4082 581 4172 ribus,
610 4081 721 4154 multa
748 4083 913 4180 exempla
939 4082 1115 4155 eiusmodi
1151 4081 1303 4179 proferri
1335 4108 1441 4181 posse
1480 4083 1558 4155 sine
1594 4081 1629 4152 in

466 4198 581 4269 Plauti
600 4197 714 4295 ipsius
729 4196 899 4295 operibus
913 4197 938 4287 ³,
957 4198 1033 4270 siue
1048 4199 1085 4269 in
1101 4199 1249 4271 Catonis
1274 4204 1324 4296 (v.
1354 4224 1476 4296 supra,
1499 4224 1533 4296 p.
1566 4198 1601 4290 6)
1618 4221 1626 4285 3

464 4313 618 4410 deniqne
647 4313 683 4383 in
710 4312 868 4386 ablatiuo
892 4314 1073 4410 gerundii,
1096 4315 1192 4414 quod
1220 4341 1265 4387 ex
1285 4315 1488 4412 gerundiuo
1507 4313 1628 4386 Weis-

497 4593 520 4641 t.
543 4594 662 4649 Quorum
691 4592 720 4641 in
751 4605 865 4642 numero
900 4595 973 4650 sunt,
1006 4578 1076 4644 teste
1103 4594 1232 4644 Pansson
1257 4593 1289 4656 (t.
1315 4594 1334 4645 t.
1361 4607 1389 4658 p.
1413 4593 1463 4656 95),
1493 4594 1628 4654 Scantia,

465 4668 637 4726 Ennomon,
656 4668 754 4724 Suom,
769 4669 937 4728 ,Dnnan'ucn

495 4750 528 4798 2.-
543 4748 745 4806 Wmswnrnaa,
764 4747 785 4797 l.
807 4747 828 4798 l.
849 4763 879 4811 p.
899 4749 936 4807 18,
952 4749 993 4799 tt.

495 4829 520 4878 3.
543 4828 629 4876 Multa
642 4828 769 4890 exempla
785 4828 1062 4892 proteruntDossou,
1079 4829 1097 4881 l.
1112 4829 1129 4881 l.
1147 4831 1183 4892 19,
1198 4843 1248 4894 sq,
1268 4831 1406 4897 Psassfflt,
1423 4831 1444 4884 l.
1464 4830 1482 4885 l.
1497 4844 1527 4896 p.
1543 4831 1582 4888 97,
1598 4841 1628 4880 ac

466 4903 585 4953 maxime
602 4903 809 4966 Hnnnnnanru,
826 4905 845 4956 1.
861 4904 881 4956 l.
897 4918 927 4968 p.
946 4906 986 4956 98.
