3534 5342
361 561 400 620 56
649 567 693 612 DE
718 566 908 614 GERUNDIVI
933 567 1000 614 USU
1025 566 1239 616 RECENTIORE

412 795 458 865 D.
475 837 523 848 —
540 791 630 865 Illud
646 792 752 866 etiam
773 792 818 866 ad
841 818 923 866 eum
944 818 1049 866 usum
1074 793 1352 892 propagandum
1376 791 1529 864 multum

363 909 526 1000 contulit,
559 909 656 1007 quod
685 909 926 1007 modumque
958 908 1069 982 futuri
1097 908 1316 981 infinitiuum
1344 907 1529 1005 passiuum

364 1025 595 1122 exprimeret,
630 1024 779 1097 Latinus
805 1049 924 1096 sermo
952 1023 1021 1096 illis
1047 1023 1271 1121 temporibus
1290 1023 1528 1097 desiderabat.

364 1141 457 1213 Nam
472 1140 534 1239 qui
549 1139 649 1238 prius
660 1138 777 1213 fuerat
791 1140 1004 1229 infinitiuus,
1016 1141 1053 1210 in
1067 1167 1147 1212 -um
1157 1140 1207 1213 iri
1216 1139 1397 1245 desinens,
1414 1139 1444 1210 is
1460 1139 1530 1209 iam

364 1256 503 1356 pridem
521 1268 729 1346 euanuerat‚
747 1270 808 1328 aut
824 1270 918 1328 certe
932 1256 1115 1328 rarissime
1128 1255 1393 1328 adhibebatur}
1409 1256 1532 1352 Itaque

363 1372 435 1444 iam
451 1372 571 1445 seculo
584 1385 667 1468 pust
679 1371 862 1444 Christum
873 1372 1043 1460 secunde,
1058 1398 1142 1473 cum
1156 1370 1252 1470 apud
1267 1371 1437 1462 Gellium,
1455 1385 1532 1443 tum

364 1489 459 1586 apud
475 1488 687 1584 interpretes
706 1487 910 1560 diuinarum
921 1487 1194 1585 scripturarum,
1213 1487 1340 1560 Graeci
1355 1485 1533 1559 sermonis

364 1604 516 1676 uerbum
546 1604 658 1676 uerbo
677 1603 880 1694 reddentes,
910 1604 1152 1701 gerundiuum
1181 1602 1341 1675 futurum
1368 1616 1530 1700 apparet.

365 1719 581 1817 Exemplum
601 1718 749 1817 praebet
771 1719 889 1791 uersic
914 1719 1179 1818 antiquissima,
1206 1719 1309 1792 cuius
1334 1718 1532 1816 capitulum

364 1839 403 1930 (n
429 1836 664 1931 Marc.7.1l‡)
693 1835 741 1908 ita
768 1835 903 1933 profert
929 1836 1221 1934 S²⁰⁸CyprianuS‚
1250 1861 1286 1933 p.
1321 1835 1452 1907 132.18
1473 1835 1529 1907 ed.

364 1952 467 2023 Hart.
501 1976 520 2021 <t
536 1941 659 2023 Putius
686 1964 740 2022 est
765 1949 811 2022 ab
836 1951 1044 2024 hominibus
1068 1951 1175 2023 morti
1193 1951 1296 2023 datos
1324 1963 1533 2048 exspectare

364 2091 501 2162 spema
523 2067 599 2139 Deo
614 2066 743 2138 iterum
771 2067 817 2139 ab
838 2067 918 2164 ipso
934 2066 1171 2139 suscitandos.
1190 2095 1208 2138 n
1230 2066 1298 2138 Hic
1313 2065 1533 2140 enimsuaci-

365 2182 495 2254 tendes
513 2182 692 2254 Graecum
707 2189 935 2262 ἀναστήσεσθαι
953 2180 1073 2255 refert.
1091 2182 1158 2254 Cui
1174 2181 1340 2279 exemplo
1355 2181 1423 2253 alia
1435 2176 1534 2253 addit

364 2297 510 2368 Riinsch
535 2297 646 2392 (Itala
674 2297 750 2370 und
779 2298 948 2395 Vulpem,
978 2324 1015 2396 p.
1044 2299 1131 2393 433)
1152 2325 1159 2368 :
1184 2299 1251 2370 Mt.
1287 2323 1408 2394 17.22,
1436 2296 1532 2368 filius

364 2412 521 2484 hominis
552 2413 748 2486 tradendus
785 2427 839 2485 est
866 2415 1029 2511 (μέλλει...
1067 2411 1307 2512 παραδίδοσθαι)
1341 2413 1378 2483 in
1404 2437 1533 2483 manus

366 2527 551 2599 hominum
570 2553 579 2617 ;
604 2528 692 2600 Gen.
716 2531 822 2606 18.18
838 2554 965 2601 cum...
981 2529 1248 2602 benedicendae
1267 2529 1340 2600 sint
1355 2532 1534 2626 (ἐνευλογη-

366 2646 527 2738 θήσονται)
547 2643 583 2713 in
602 2643 662 2715 illc
682 2669 808 2716 omnes
832 2645 995 2717 nationes
1010 2658 1138 2717 terrae.

414 2760 472 2830 Sic
487 2759 632 2831 inducto
648 2785 744 2832 ncuc
761 2780 840 2851 usu,
858 2761 1101 2857 gerundiuum
1119 2776 1293 2835 uocarunt
1303 2760 1531 2860 grammatici
1562 2793 1567 2800 ·

357 2873 599 2974 participium
621 2876 752 2972 futuri
774 2875 933 2975 passini,
960 2878 1057 2974 quod
1085 2903 1217 2951 nomen
1250 2878 1296 2950 ad
1328 2902 1394 2949 nos
1420 2902 1531 2977 usque

366 3005 544 3089 peruenit.

1281 3197 1532 3211 ..,.—.......—--.

399 3316 422 3365 1.
437 3315 602 3378 Exemplum
616 3318 647 3364 ut
658 3315 781 3374 afferam,
793 3315 821 3365 in
833 3315 868 3366 Sti
882 3315 1013 3378 Cypriani
1024 3314 1164 3378 operibus,
1178 3314 1224 3378 qui
1240 3314 1331 3364 medic
1342 3313 1424 3364 tertio
1439 3312 1533 3363 seculo

366 3391 428 3448 fuit,
445 3391 623 3454 participium
637 3392 666 3440 in
679 3404 731 3441 um
744 3391 785 3441 iri
798 3391 930 3440 desinens
943 3404 1081 3454 nusquam
1093 3394 1244 3454 comparet,
1258 3403 1414 3454 quanquam
1429 3388 1534 3452 saepis·

366 3468 435 3516 sime
453 3469 513 3517 eius
526 3467 677 3516 adhibendi
690 3467 799 3517 occasio
812 3466 902 3518 datur.
918 3467 958 3518 Gt.
972 3480 1043 3530 quae
1054 3467 1089 3516 de
1103 3480 1135 3516 ea
1146 3481 1174 3515 re
1188 3466 1301 3531 scripsi:
1316 3483 1328 3514 ι(
1343 3465 1383 3517 Le
1394 3464 1484 3516 Latin
1497 3463 1533 3514 de

366 3544 447 3594 saint
468 3542 607 3607 cyprian,
626 3555 655 3605 p.
677 3543 733 3593 253.
1386 3551 1388 3558 ¹

1095 3727 1113 3768 Q
