3534 5342
569 643 613 687 De·
639 640 793 687 cendunt!
820 640 958 688 ORIGINE

232 864 272 934 ln
293 863 348 934 his
369 863 533 936 uersibus
557 878 675 961 poeta,
698 879 736 937 ut
764 891 891 938 uersus
921 891 1003 938 cum
1031 867 1147 964 primo
1172 868 1351 941 secundus

172 978 346 1052 similiter
384 979 589 1066 desineret,
633 981 822 1079 antiquum
860 981 986 1054 Gallici
1026 984 1203 1056 sermonis
1244 1010 1351 1056 usum

171 1095 339 1192 primum
353 1111 496 1169 secutus
507 1108 560 1168 est
576 1097 657 1194 (qni
671 1097 772 1169 auoit
784 1097 939 1171 desclose
952 1124 995 1186 so
1009 1099 1129 1192 robe);
1148 1099 1290 1189 deinde,
1306 1099 1350 1171 ad

173 1237 289 1283 usum
304 1212 538 1284 recentiorem
550 1213 655 1285 rediit
677 1215 717 1298 (o
724 1212 832 1312 point
845 1213 965 1313 perdu
986 1216 1035 1286 les
1049 1213 1149 1312 plis).
1171 1216 1215 1286 At
1234 1215 1270 1284 in
1292 1214 1351 1286 illa
1419 1283 1425 1296 ,

175 1327 301 1424 prisca
330 1342 509 1400 structura
541 1329 769 1426 participium
796 1329 944 1426 perfecti
973 1329 1153 1426 (descloset
1187 1331 1352 1427 passiuae

175 1457 238 1515 est
266 1443 552 1540 significationis,
577 1458 716 1516 etcum
751 1469 793 1516 eo
819 1469 949 1516 nomen
986 1462 1041 1540 iso
1070 1446 1171 1540 robe)
1200 1446 1353 1518 coniun-

174 1557 282 1656 gitur
310 1572 482 1657 tanquam
511 1549 734 1650 subiectum3
769 1560 877 1650 idem,
910 1560 945 1630 in
983 1561 1181 1634 recentiore
1213 1561 1352 1633 dicendi

175 1675 306 1764 modo,
327 1675 485 1748 actiuum
502 1675 642 1748 uidetur
665 1686 701 1768 (a
717 1677 824 1774 point
835 1676 984 1775 perdo),
1010 1692 1045 1749 et
1067 1702 1148 1749 cum
1164 1703 1207 1750 eo
1223 1703 1353 1749 nomen

176 1791 250 1887 (les
262 1790 534 1890 ples)tanquam
556 1791 737 1864 obiectum
757 1793 999 1890 componitur.

233 1917 366 1989 Eadem
386 1931 439 1988 est
458 1916 548 1988 ratio
563 1917 655 1988 inter
670 1917 738 1989 hoc
751 1918 848 2015 quod
869 1918 958 1989 Cato
976 1919 1066 2014 (Ap.
1087 1917 1125 1988 C.
1148 1918 1284 2010 1413),
1308 1943 1352 1989 ex

176 2033 359 2104 sermonis
379 2032 497 2105 Latini
516 2033 665 2130 ingenio
683 2059 724 2105 ac
743 2035 1015 2125 consuetudine,
1037 2033 1198 2106 adhibuit
1216 2059 1353 2130 gerun-

177 2149 309 2221 diuum
324 2175 331 2219 :
353 2149 479 2245 «Apri
492 2148 678 2221 lustrandi
688 2175 820 2246 erqo»,
839 2164 873 2221 et
891 2150 1108 2246 gerundium
1120 2175 1192 2247 quo
1206 2149 1352 2222 Plautus

103 2255 104 2260 ¹
175 2264 219 2335 in
249 2264 316 2336 hoc
347 2264 425 2337 loco
464 2265 604 2336 utitur:
642 2291 660 2335 c
689 2265 777 2355 Nec,
812 2265 899 2335 mihi
928 2265 982 2337 ius
1020 2291 1135 2338 meum
1169 2265 1354 2337 obtinendi

176 2377 281 2475 optio
311 2393 412 2453 est.»
446 2381 540 2452 Nam
570 2381 607 2451 in
641 2379 700 2452 illa
733 2381 880 2453 Catonis
908 2381 1096 2466 sententia,
1124 2381 1352 2478 participium

178 2497 370 2593 passiuum
397 2511 464 2586 est,
489 2510 524 2568 et
545 2522 627 2568 cum
648 2522 690 2568 eo
712 2521 843 2568 nomen
865 2496 991 2594 (apri)
1013 2487 1185 2594 tanquam
1211 2496 1354 2569 subiec-

178 2625 261 2683 tum
281 2611 513 2709 coniungitur
525 2639 534 2702 ;
556 2612 652 2684 idem
673 2612 709 2682 in
735 2611 851 2683 Plauti
882 2637 989 2684 uersu
1018 2612 1177 2684 actiuum
1196 2613 1351 2701 uidetur,

180 2741 324 2799 etcum
350 2753 392 2800 eo
420 2753 550 2800 nomen
584 2729 655 2821 (ins
685 2731 812 2822 mauro)
845 2742 1017 2826 tanquam
1045 2728 1226 2800 obiectum
1253 2754 1354 2800 com-

181 2856 342 2940 ponitur.

233 2967 302 3040 Sed
321 2967 483 3041 instituta
503 2967 800 3065 comparatione1
820 2983 860 3040 ut
885 2968 1085 3042 ostenditur
1110 2994 1214 3066 posse
1239 2969 1353 3066 parti-

179 3082 346 3180 tioipium
381 3108 426 3155 ex
458 3083 602 3180 pessino
637 3083 795 3155 actiunm
833 3109 874 3156 ac
912 3075 1138 3156 transitiuum
1174 3083 1271 3173 fieri,
1305 3084 1353 3155 ita

180 3199 401 3296 gerundium
431 3198 693 3296 Latinumque
721 3225 828 3271 eausa
853 3225 995 3299 quaque
1015 3199 1071 3271 uia
1098 3198 1230 3271 factum
1252 3200 1298 3272 sit
1317 3214 1355 3272 nt

182 3313 364 3387 obiectum
396 3313 529 3386 habere
563 3329 685 3411 posset
713 3314 920 3387 accusatiuo
957 3340 1041 3386 casu
1075 3315 1245 3411 positum,
1281 3341 1353 3386 non

183 3429 396 3526 explicatur.

234 3555 311 3626 Hoc
323 3569 443 3628 autem
459 3555 528 3627 uiri
543 3554 755 3646 doctissimi,
768 3581 851 3628 cum
861 3555 935 3644 alii,
950 3570 1027 3628 tum
1042 3555 1177 3652 optime
1193 3555 1355 3626 omnium

183 3669 412 3742 Weiswciler
427 3671 610 3746 tractauit:
625 3695 693 3766 ego
709 3695 754 3742 ne
772 3696 848 3743 rem
864 3686 979 3743 actam
996 3696 1102 3768 agere
1112 3670 1201 3743 uelle
1217 3671 1352 3762 uidear,

184 3798 219 3857 et
233 3786 417 3883 proposita
435 3786 601 3882 exempla
620 3786 848 3883 rationesque
871 3786 1001 3858 iterum
1023 3785 1193 3874 scribere,
1217 3785 1356 3857 Plauti-

184 3927 270 3972 num
287 3901 393 3973 huius
406 3902 573 3998 gerundii
587 3927 708 3992 usum)
722 3927 829 4000 quem
845 3901 905 3973 ille
921 3928 992 3973 non
1007 3902 1137 3998 attigit,
1149 3901 1350 3997 expediam.

233 4026 379 4098 Plautus
410 4027 507 4097 enim
538 4027 715 4124 gerundio
746 4025 876 4098 obiecti
906 4027 1152 4099 accusatiuum
1181 4026 1354 4097 terdecies

183 4141 359 4214 adiunxit.
384 4142 464 4233 Quo
489 4142 525 4215 id
549 4143 658 4215 modo
678 4141 802 4215 fecerit
826 4142 990 4240 exempla
1010 4141 1124 4214 haec2
1144 4142 1351 4214 ostendunt.

217 4487 239 4538 i.
262 4489 341 4537 Hane
355 4487 600 4550 comparationem,
619 4489 642 4537 si
660 4486 723 4550 qnia
741 4487 883 4538 existimet
897 4486 1044 4536 nobiseum
1055 4500 1151 4549 parum
1166 4487 1266 4544 tacere,
1279 4488 1307 4534 et
1323 4499 1355 4535 eo

183 4563 304 4612 maxime
317 4563 485 4620 claudicare,
503 4569 533 4614 ut
546 4565 635 4624 aiunt,
650 4564 723 4626 qnod
739 4577 802 4612 enm
819 4563 968 4627 participio
983 4562 1098 4612 uerbum
1116 4562 1217 4626 (avoir)
1241 4563 1355 4617 coniun-

119 4661 121 4666 ·
184 4641 274 4700 gatur,
296 4652 359 4688 eum
374 4638 531 4698 admonebo
549 4640 716 4702 contagione
738 4630 842 4688 factum
865 4642 896 4688 ut
921 4629 1103 4701 participium*
1126 4638 1166 4687 ita
1182 4651 1242 4686 cum
1267 4636 1353 4686 uerbo

183 4713 361 4763 coniunctum
378 4714 470 4776 ipsum
487 4714 612 4764 actiuum
629 4715 778 4772 uideretur,
797 4713 870 4778 quod
884 4713 1036 4764 ostendunt
1050 4712 1188 4762 eiusmodi
1201 4713 1350 4762 formulae:

184 4787 289 4854 «Hecu
315 4789 350 4839 de
375 4789 486 4840 bo'rtues
510 4789 670 4847 nouvelles,
694 4789 799 4852 fourni
825 4790 853 4841 la
875 4789 1095 4850 marchandtse,
1116 4789 1191 4854 paye'
1215 4787 1243 4838 ta
1260 4789 1354 4839 me'me

184 4875 308 4914 somme.
330 4865 399 4914 ecs.
419 4859 522 4922 Buten,
541 4865 630 4916 Esset
647 4865 682 4915 de
696 4865 892 4930 semantique
911 4879 941 4932 p.
962 4865 1019 4918 224.

216 4953 241 5004 2.
259 4952 303 5004 Gt.
325 4954 533 5012 Hnanaumrn,
552 4953 573 5004 l.
591 4953 613 5007 l.
633 4954 750 5019 passim.
