3534 5342
635 557 839 606 rnoonurun
1183 551 1185 560 ’
1299 553 1319 612 3

153 806 260 879 spero
271 807 397 854 omnes
410 781 638 856 difficultates
650 781 742 855 solui
757 807 876 880 posse,
889 783 937 855 ita
949 807 1054 880 posse
1064 781 1320 880 impedimenta

153 905 331 1003 quaedam
350 905 542 996 remoueri,
574 906 668 978 unde
698 906 842 980 fortuna
874 907 1067 1005 gerundiui
1091 933 1182 1006 quae
1215 907 1322 979 fuerit

154 1043 340 1128 appareat,
367 1029 485 1103 aditus
517 1029 676 1103 securior
705 1032 750 1104 ad
777 1031 987 1104 soluendam
1014 1032 1057 1105 de
1083 1032 1160 1105 eius
1186 1031 1322 1105 formae

153 1155 296 1253 origine
318 1156 564 1254 quaestionem
586 1170 717 1253 pateat.

205 1355 276 1429 Sed
294 1355 377 1430 huic
394 1356 628 1454 disputationi
656 1357 895 1430 instituendae
921 1356 1049 1430 melius
1077 1357 1228 1430 fortasse
1264 1357 1323 1430 uia

157 1480 355 1572 munietur,
391 1481 421 1555 si
454 1483 630 1580 quaedam
667 1483 767 1580 prius
791 1507 1135 1573 commemoraucm,
1161 1507 1253 1581 quae
1278 1508 1322 1555 ex

156 1605 373 1704 scriptorum
400 1606 514 1679 ·libris
549 1607 761 1706 deprompta
801 1607 980 1680 historicis
1019 1608 1124 1680 etiam
1161 1621 1324 1680 constare

157 1731 402 1804 monumentis
418 1731 597 1804 uidentur.
617 1733 714 1804 Haec
728 1732 790 1832 qui
805 1731 951 1804 babebit
965 1731 1067 1831 quasi
1082 1732 1118 1803 in
1130 1746 1324 1829 conspectu

157 1854 267 1926 animi
296 1855 426 1956 posita,
451 1857 481 1928 is
507 1857 594 1956 quid
620 1857 756 1930 ratione
778 1870 813 1929 et
838 1856 1040 1929 coniectura
1060 1857 1323 1956 assequendum

155 1995 352 2072 remaneat,
373 1982 500 2054 melius
519 1980 722 2080 perspiciet.

208 2115 359 2188 Formae
379 2115 491 2214 igitur
511 2115 546 2186 in
561 2116 652 2189 -ndo
674 2116 869 2190 desinentis
890 2143 982 2216 quae
1001 2116 1144 2189 fortuna
1162 2115 1269 2189 fuerit
1294 2116 1324 2188 si

158 2238 240 2338 quis
272 2239 480 2338 inuestigat,
503 2239 668 2313 ordinem
699 2254 902 2340 temporum
936 2268 955 2314 a
991 2241 1250 2339 posterioribus
1280 2242 1325 2314 ad

160 2364 280 2461 priora
293 2378 473 2462 repetens,
491 2365 523 2437 is
537 2365 634 2439 uidet
647 2367 683 2439 in
697 2366 904 2438 nouissimis
916 2364 1139 2463 temporibus
1152 2364 1325 2462 plurimas

160 2488 271 2562 fuisse
291 2488 595 2587 significationes3
613 2492 649 2562 in
665 2490 911 2589 superioribus
925 2490 1098 2588 quasdam
1115 2516 1237 2562 earum
1254 2515 1325 2562 non

160 2639 383 2712 comparere,
414 2640 547 2712 paucas
584 2641 782 2706 remanere,
817 2615 853 2686 in
886 2613 1018 2712 quibus
1047 2615 1090 2687 de
1121 2614 1257 2687 formae
1290 2613 1326 2686 ui

160 2738 375 2838 primigenia
397 2740 588 2846 disceptari
608 2741 733 2838 possit.

209 2873 300 2945 Nam
317 2874 426 2946 uerba
441 2900 553 2972 opere
567 2888 602 2947 et
615 2874 731 2973 sequi,
751 2873 781 2946 si
795 2872 952 2969 exempli
972 2897 1078 2944 causa
1096 2872 1324 2963 adhibentur,

158 2998 301 3070 soeculo
320 3005 406 3096 post
427 2998 615 3071 Christum
639 2999 727 3090 Illo,
753 3001 898 3099 opendo
918 3026 976 3072 res
1001 3025 1058 3104 res
1084 3012 1138 3072 est
1156 3024 1247 3096 quae
1267 3011 1328 3071 aut

161 3123 319 3220 agetur1,
342 3136 403 3195 aut
421 3122 482 3221 agi
500 3122 618 3212 debet,
635 3123 838 3223 sequendae
855 3125 937 3196 uiue
954 3124 1050 3224 finis
1070 3123 1152 3195 finis
1174 3137 1228 3195 est
1248 3122 1327 3194 uiae

160 3273 269 3346 quam
292 3248 373 3346 quis
392 3262 573 3347 sequetur,
596 3261 658 3320 aut
675 3249 777 3347 sequi
799 3248 917 3339 debet,
940 3264 1000 3322 aut
1016 3249 1188 3346 sequitur.
1211 3247 1328 3319 Habet

160 3373 267 3446 etiam
284 3373 435 3446 uerbum
458 3399 592 3470 sequor
611 3372 716 3444 aliam
735 3374 926 3471 gerundiui
947 3375 1112 3463 formam,
1137 3372 1324 3462 secundae,

163 3523 233 3596 qua
259 3497 348 3570 ordo
382 3497 540 3569 maxime
576 3496 784 3589 indicatur3
823 3512 857 3571 et
894 3498 1112 3596 gerundium
1147 3495 1332 3595 (sequendi

162 3622 357 3721 sequendo)
374 3622 470 3722 quod
486 3621 654 3694 autnullo
669 3648 751 3694 cum
768 3622 1326 3721 obiect0,autsaepissi1ne2cum

163 3746 294 3819 obiecti
309 3747 514 3820 accusatiuo
531 3772 615 3819 casu
643 3747 788 3844 ponitur
806 3773 814 3818 ε
848 3747 1027 3846 sequendo
1045 3746 1155 3819 oium.
1170 3742 1332 3843 Aupusti

166 3884 297 3962 aetate,
319 3872 464 3945 eaedem
486 3871 767 3969 significationes
782 3886 878 3961 sunt,
901 3872 971 3945 nisi
990 3872 1087 3971 quod
1105 3870 1215 3942 futuri
1230 3870 1328 3942 notio

165 3995 324 4096 (opendu
344 4022 403 4068 res
422 4041 449 4058 =
475 3997 511 4068 lo
534 3997 638 4069 chose
659 3997 727 4095 qui
749 4022 787 4068 se
795 3999 905 4096 sera)
932 3995 1002 4068 iam
1032 4022 1103 4069 non
1131 4008 1327 4092 comparet.

165 4121 296 4196 Plauti
308 4133 439 4212 aetola,
457 4121 552 4194 idem
571 4147 657 4194 usus
678 4122 790 4220 uiget,
808 4122 870 4195 sed
885 4136 970 4194 tunc
984 4121 1146 4220 offendas
1164 4120 1331 4193 scribitur

169 4248 380 4345 plerumque
400 4245 600 4344 aquariae,
627 4244 828 4344 sequendos
851 4261 969 4319 autem
994 4247 1147 4319 litteram
1173 4270 1192 4318 e
1217 4270 1330 4317 nonu

203 4529 227 4579 1.
249 4528 291 4578 ct.
314 4529 446 4578 anuuuu
458 4531 485 4577 et
500 4527 640 4584 Gounzun,
659 4525 792 4578 Gramm.
809 4539 905 4591 comp.
920 4527 974 4588 631,
993 4538 1033 4577 iv.

197 4619 222 4666 2.
244 4618 287 4667 Gr.
309 4619 509 4675 Wmswunnn,
529 4616 549 4668 l.
570 4616 591 4667 l.
607 4630 636 4680 p.
655 4616 709 4666 111.

197 4707 223 4757 3.
239 4707 278 4756 cf.
294 4708 500 4764 Hnnnnunarn,
512 4704 680 4758 Geruudr'el
691 4701 861 4756 Gerundiui
872 4705 952 4770 apud
962 4704 1104 4757 Plautum
1116 4708 1140 4755 et
1149 4705 1334 4768 cyprianum

171 4798 262 4836 usum
274 4788 473 4850 comparauit.
492 4788 590 4850 prag„
611 4785 678 4848 1894)
696 4784 734 4847 (in
750 4785 853 4849 Preger
866 4786 941 4838 stud.
960 4785 1009 4837 ut.
1027 4786 1057 4836 d.
1073 4786 1106 4837 G.
1125 4785 1174 4836 der
1189 4785 1232 4835 Kl.
1249 4785 1337 4836 Alter·

166 4866 280 4924 thumw,
296 4867 363 4918 hest.
377 4869 399 4925 2,
412 4881 442 4932 p.
460 4867 494 4930 t.)

1106 5009 1119 5041 t·
