3534 5342
525 542 569 587 DE
594 541 782 590 onnunolw
808 543 941 587 GENER&
1281 537 1318 596 13

153 765 223 838 uiri
244 765 362 838 docti1
390 790 472 838 cum
501 764 597 837 nulla
625 777 744 836 essent
766 764 876 836 uerba
905 763 972 835 nisi
997 789 1089 862 quae
1122 779 1316 837 «neutra»

150 880 332 954 dicuntur.
365 881 471 974 Quod
497 880 542 953 ad
575 880 723 953 uerbum
760 905 964 978 «sequor»
994 879 1118 953 attinet
1144 880 1320 964 intellexit

147 998 198 1068 M.
219 997 324 1069 Breal
343 1023 416 1070 non
436 1023 579 1094 semper
594 993 826 1069 transiturum
846 995 956 1068 fuisse
978 996 1046 1067 hoc
1064 994 1229 1085 uerbum,
1256 996 1319 1068 sed

149 1138 232 1185 cum
257 1114 358 1210 prius
389 1113 526 1185 Graeco
547 1121 659 1209 ἕπομαι
682 1111 928 1210 responderet,
953 1111 1121 1209 paulatim
1152 1111 1318 1209 analogia

150 1229 345 1301 uerborum
376 1229 585 1301 Latinorum
616 1253 708 1325 quae
738 1239 853 1299 motus
877 1227 1044 1300 dicuntur
1068 1231 1118 1322 (v.
1141 1253 1179 1324 g.
1202 1230 1315 1324 peto),

149 1344 284 1417 factum
298 1344 529 1417 transitiuum
540 1346 565 1415 ².
582 1342 683 1435 Quae
692 1341 722 1414 si
737 1343 784 1414 ita
799 1357 895 1432 sunt,
913 1342 1062 1414 ulterius
1073 1341 1159 1412 mihi
1176 1342 1317 1415 uidetur

147 1485 228 1532 esse
248 1460 566 1558 progrediendum,
592 1473 626 1531 et
645 1459 742 1558 quod
764 1458 808 1530 de
829 1457 940 1530 uerbo
961 1483 1095 1557 sequor
1113 1457 1199 1531 dicit
1217 1457 1318 1529 locu-

150 1575 374 1672 pletissimus
408 1575 546 1674 antiqui
580 1601 667 1648 usus
703 1574 821 1665 testiS,
864 1572 901 1645 id
936 1573 980 1646 de
1016 1574 1092 1646 eius
1127 1573 1316 1671 participio

148 1689 357 1763 dicendum.
394 1691 533 1788 Nempe
559 1691 661 1764 uerbi
693 1715 828 1788 sequor
862 1689 963 1787 prius
983 1688 1158 1778 reflexim,
1193 1688 1315 1780 medii,

148 1806 385 1893 intransitiui‚
411 1821 533 1906 postea
564 1805 746 1880 transitiui
771 1805 869 1896 facti,
893 1805 1066 1877 remansit
1089 1803 1317 1902 participium

147 1922 324 2000 secundus
341 1922 568 2014 rcssexiuum‚
591 1921 763 2012 medium,
786 1920 1066 1993 intransitiuum.
1086 1921 1182 1992 Haec
1197 1933 1317 1991 autem

146 2063 257 2110 causa
275 2036 342 2111 fuit
361 2064 425 2110 cur
447 2052 649 2111 remaneret
669 2036 954 2125 intransitiuurn,
975 2035 1071 2135 quod
1089 2034 1211 2111 aderat
1227 2035 1318 2106 alte-

145 2179 230 2225 rum
249 2153 479 2252 participium
512 2153 648 2227 actiuae
670 2152 819 2243 formae,
847 2177 998 2250 sequens
1015 2151 1108 2242 dioc,
1124 2150 1220 2248 quod
1239 2150 1318 2223 illas

149 2264 271 2367 partes
288 2269 497 2342 transitiuae
516 2267 792 2367 significationis
809 2267 1040 2365 exprimeret.

199 2387 321 2483 ltaque
354 2384 543 2474 secundus,
575 2383 783 2472 uoluendus,
819 2380 1009 2472 oriundus,
1033 2381 1210 2453 lodundns
1234 2395 1318 2453 sunt

146 2500 259 2574 medii
293 2526 356 2573 seu
391 2500 555 2573 ressexiui
582 2499 682 2572 uerbi
703 2498 902 2597 participia.
939 2498 1013 2570 lam
1051 2522 1138 2570 ucro
1170 2497 1208 2568 in
1242 2510 1315 2570 tam

145 2615 305 2715 antiquis
320 2616 564 2689 monumentis
584 2613 818 2687 inueniuntur
836 2612 989 2685 utnulla
1008 2612 1081 2684 sint
1100 2612 1313 2711 antiquiora.

198 2732 235 2825 3)
253 2732 307 2802 Ex
323 2757 446 2804 eorum
462 2731 572 2828 igitur
587 2729 793 2802 testimonio
806 2729 927 2826 colligi
944 2742 1062 2826 potest
1074 2727 1316 2825 gerundiuum

144 2847 251 2919 initio
271 2847 499 2945 participium
528 2873 606 2919 esse
632 2845 741 2919 medii
767 2845 883 2934 uerbi,
918 2844 988 2916 nisi
1008 2857 1128 2916 essent
1160 2843 1221 2942 qui
1255 2869 1315 2915 eas

144 2963 283 3035 formas
318 2962 562 3060 neglegendas
596 2961 752 3059 putent³‚
780 2961 875 3059 quod
912 2958 1149 3057 paucissimae
1182 2953 1254 3031 sint
1282 2973 1317 3032 et

145 3091 313 3150 naturam
332 3078 511 3176 participii
529 3078 592 3150 uix
611 3076 780 3150 habeant.

197 3193 268 3266 Sed
291 3193 380 3265 haec
401 3219 475 3266 non
503 3193 594 3266 bene
624 3193 840 3265 obiciuntur.
870 3191 976 3282 Nam,
1009 3203 1046 3262 ut
1080 3189 1316 3287 paucissimae

144 3322 285 3400 essent,
313 3309 381 3381 hoc
406 3309 563 3381 maxime
592 3308 726 3399 effecit,
746 3308 843 3406 quod
861 3307 1033 3408 ressexiuo
1048 3332 1116 3378 usu
1146 3304 1255 3378 uerba
1274 3331 1316 3377 ac

143 3425 349 3522 gerundiua
373 3424 500 3497 Latina
527 3425 711 3522 passiuam
740 3423 1054 3521 significationem,
1076 3448 1118 3494 eo
1141 3422 1202 3521 qui
1223 3421 1316 3494 infra

411 3644 674 3655 -——

178 3781 203 3830 1.
223 3773 326 3836 Budas,
350 3778 437 3830 Esset
457 3778 493 3829 de
514 3779 710 3842 stmaotique,
733 3791 762 3842 p.
787 3777 844 3829 210.
871 3793 883 3823 ι
901 3777 962 3828 Non
980 3776 1135 3827 seulement
1151 3776 1192 3826 tes
1214 3775 1314 3826 vertes

143 3857 257 3906 neutros
275 3857 342 3905 sant
357 3855 398 3905 les
413 3855 475 3917 plus
491 3855 615 3912 enciens,
634 3854 705 3904 mais
715 3867 750 3904 on
766 3852 826 3904 doit
842 3853 977 3903 admettre
989 3865 1043 3902 une
1057 3852 1170 3914 periodo
1185 3852 1221 3901 ou
1236 3852 1256 3900 il
1269 3852 1314 3914 n'y

143 3931 222 3981 avait
238 3930 352 3995 quados
369 3929 468 3980 verbes
482 3933 606 3981 neutras.
621 3931 654 3979 Je
665 3929 748 3989 crois,
761 3943 796 3979 en
814 3929 887 3986 effet,
907 3941 960 3996 que
975 3928 1016 3977 les
1030 3931 1101 3979 muts
1116 3931 1165 3978 ont
1180 3926 1223 3977 111
1236 3927 1314 3977 crees

143 4019 216 4070 pour
232 4005 310 4056 avoir
322 4019 377 4056 nne
394 4006 488 4070 pleine
505 4005 695 4068 signification
712 4018 762 4069 par
783 4003 965 4060 eux-memes,
984 4006 1011 4053 et
1030 4016 1085 4053 non
1108 4016 1178 4066 pour
1193 4003 1280 4052 servir
1297 4003 1314 4053 a

144 4095 200 4132 une
217 4084 334 4144 syntnxe
356 4081 403 4145 qui
421 4081 563 4131 n'existait
576 4095 627 4145 par
644 4093 756 4131 encore.
776 4098 787 4127 ιι

175 4163 202 4213 2.
223 4154 327 4218 Budua,
343 4159 429 4212 Esset
443 4162 478 4212 de
488 4161 684 4225 remanetque,
697 4174 726 4224 p.
744 4161 800 4210 217.
818 4176 830 4206 ιι
844 4159 958 4224 Sequor
970 4159 1106 4224 signiflait
1118 4157 1316 4209 litteralement

145 4256 157 4284 ιι
169 4241 199 4301 je
215 4237 361 4295 m'attache
377 4255 389 4282 ιι
404 4251 411 4284 :
426 4237 444 4285 il
459 4236 629 4301 correspond
642 4249 678 4285 au
691 4249 758 4298 grec
771 4237 862 4300 ἕπομαι
876 4237 922 4299 qui
937 4235 1026 4299 prend
1038 4235 1174 4298 apreslui
1189 4234 1215 4284 le
1227 4235 1297 4285 datis
1305 4252 1311 4283 :

143 4313 215 4364 mais
231 4326 264 4362 on
283 4326 300 4361 a
317 4312 358 4362 dit
369 4312 452 4376 sequi
470 4311 557 4374 feras,
575 4313 658 4376 sequi
673 4313 830 4363 uirtutem.

176 4396 201 4444 3.
222 4394 384 4450 Dnunniicn,
410 4391 507 4455 Verpl.
527 4391 616 4456 Sym.
637 4391 743 4442 rutae:
765 4408 777 4437 ιι
790 4389 840 4442 Ich
860 4392 959 4442 nehme
987 4391 1039 4440 mit
1064 4389 1241 4441 Weisweiler
1268 4404 1313 4448 an,

147 4469 214 4518 dass
231 4469 259 4516 in
275 4481 391 4517 unserer
407 4469 488 4518 Form
505 4481 560 4518 von
577 4467 692 4529 Antang
706 4466 750 4517 die
772 4468 837 4516 Idea
856 4467 904 4518 des
919 4466 1030 4517 Sollens
1050 4467 1193 4517 euthalten
1210 4480 1310 4518 war...

146 4543 290 4593 Demnach
299 4543 336 4592 ist
347 4543 558 4600 fiiroriundus,
567 4543 728 4604 lebaudus,
741 4542 911 4594 uoluendus
923 4542 1145 4591 eiuebesondere
1157 4541 1316 4604 Erklarung

146 4631 180 4668 zu
197 4619 314 4668 suchen.
338 4635 350 4664 ι
375 4618 425 4668 Cui
442 4618 594 4683 respondet
610 4619 646 4670 V.
670 4619 772 4668 Hunni
796 4617 904 4681 (Rcuue
924 4618 1061 4681 critique,
1087 4618 1154 4674 1898,
1179 4629 1196 4676 ι,
1214 4631 1245 4680 p.
1260 4618 1313 4679 tat:
1358 4621 1360 4624 '

146 4711 158 4738 ιι
179 4694 221 4743 En
239 4707 270 4743 cc
285 4707 341 4755 cas,
360 4693 386 4744 le
402 4697 467 4758 type
483 4693 633 4745 oriundus
651 4695 738 4744 serait
749 4692 934 4757 inexplicable
945 4699 972 4742 et
988 4693 1106 4742 l’auteur
1123 4706 1157 4741 en
1170 4693 1311 4742 convient.

145 4766 377 4832 G'ast‘paruemer
394 4769 422 4820 ta
438 4771 549 4821 sciense
566 4769 720 4832 d'enigmes
745 4769 888 4828 aptaisir.
910 4786 921 4815 ιι
944 4768 988 4818 Cf.
1010 4769 1168 4824 Lsanaron,
1192 4769 1213 4819 1.
1239 4767 1261 4818 l.
1289 4769 1316 4819 15

143 4845 228 4909 [159];
244 4845 384 4903 Punsson',
399 4845 419 4897 ι.
442 4847 462 4898 ι.
484 4859 512 4908 p.
530 4847 573 4898 95.
