3534 5342
466 631 486 690 2
949 637 1153 685 aaooauruu

466 861 570 935 enim·
592 861 745 934 formam
775 860 811 933 in
839 861 947 935 -rtdus
973 862 1160 935 cadentem
1185 861 1327 933 Dosson
1355 861 1524 932 docuerat
1552 884 1631 932 esse

459 987 663 1087 proesentis
683 985 1108 1084 temporiS‚Weisweiler
1120 987 1257 1084 futuro
1286 984 1500 1075 uindicauit3
1522 1009 1631 1083 quam

466 1112 525 1184 ille
555 1111 699 1209 saepius
730 1111 831 1183 initio
855 1112 1061 1204 pussiucm,
1092 1111 1274 1184 interdum
1302 1124 1422 1183 tamen
1456 1109 1630 1199 octiucm,

464 1236 522 1308 hic
541 1262 727 1335 nunquam
747 1215 817 1310 non
835 1237 1045 1336 passiuum3
1075 1262 1183 1336 quam
1212 1235 1367 1334 denique
1388 1233 1447 1307 ille
1466 1258 1634 1332 assump-

465 1359 552 1434 sisse
584 1361 756 1459 paulatim
790 1362 974 1434 notionem
1011 1361 1248 1446 necessitatis,
1284 1360 1404 1460 offici,
1449 1373 1533 1449 cet,
1574 1358 1633 1430 hic

466 1487 630 1560 nctiuum
646 1486 813 1558 habuisse
824 1486 869 1558 ab
879 1486 980 1558 initio
992 1486 1186 1559 contendit.
1207 1485 1299 1558 Huic
1314 1485 1451 1558 assensi
1465 1497 1549 1557 sunt
1565 1482 1634 1556 uiri

364 1605 367 1612 ⁴
466 1611 574 1701 docti,
603 1600 813 1710 praesertim
833 1611 945 1684 inster
970 1611 1182 1700 Germanos
1212 1611 1393 1709 permulti,
1422 1611 1515 1682 inter
1542 1633 1632 1708 quos

465 1736 676 1809 nominandi
713 1737 881 1809 uidentur
912 1736 1157 1834 Brugmann·1
1188 1751 1222 1809 et
1259 1735 1480 1808 Delbriiclr².
1515 1735 1563 1805 m
1594 1733 1632 1802 in

467 1859 595 1950 Gallia,
627 1861 744 1959 magis
773 1862 817 1934 ad
846 1862 989 1932 Dosson
1022 1874 1056 1933 et
1085 1862 1201 1933 Havet
1231 1860 1375 1958 placita,
1407 1860 1473 1932 etsi
1501 1859 1633 1931 nonin

466 1984 648 2076 omnibuS,
666 1985 840 2058 accedunt
853 1986 902 2057 M.
922 1985 1049 2056 Breal3
1068 1998 1102 2057 et
1116 1986 1161 2056 V.
1183 1984 1341 2083 Henryt
1358 1983 1521 2082 Denique
1540 2007 1634 2055 anno

467 2108 632 2206 proxime
665 2108 786 2207 elapso
823 2111 947 2206 (1900)
981 2109 1301 2182 commentationes
1330 2109 1375 2182 de
1403 2107 1569 2206 gerundii
1601 2119 1636 2178 et

468 2233 660 2330 gerundiui
674 2234 813 2330 origine
828 2248 863 2306 et
878 2259 944 2305 usu
955 2233 1180 2306 doctissimas
1195 2233 1423 2306 edideruntJ.
1439 2231 1637 2305 Lebreton⁵

468 2371 503 2430 et
519 2359 558 2429 P.
582 2357 771 2430 Persson⁶.
794 2357 865 2450 Qui
880 2359 924 2431 de
947 2357 1053 2432 huius
1073 2359 1208 2430 formae
1228 2357 1491 2456 significatione
1514 2372 1549 2429 et
1568 2383 1633 2429 usu

469 2481 599 2579 partim
625 2484 781 2572 Dosson,
804 2482 934 2581 partim
954 2483 1183 2556 Weisweiler
1203 2498 1415 2582 sequuntur.

447 2603 449 2606 ’
478 2669 479 2676 ,
519 2607 633 2705 Igitur
647 2608 740 2680 inter
760 2608 883 2680 doctos
903 2633 1016 2705 pauca
1035 2621 1214 2698 constant,
1235 2623 1295 2680 aut
1314 2609 1343 2680 si
1362 2609 1449 2707 quid
1467 2608 1636 2680 omnibus

470 2733 597 2831 placet,
625 2732 661 2804 id
688 2758 759 2803 non
788 2732 915 2805 eodem
941 2733 1050 2806 modo
1077 2747 1137 2806 aut
1164 2733 1394 2806 nullomodo
1421 2732 1632 2830 explicatur.

471 2858 593 2956 ltaque
613 2856 913 2955 significationem
936 2857 1119 2955 passiuam
1149 2857 1205 2930 uel
1226 2883 1245 2929 a
1266 2857 1395 2955 priscis
1414 2857 1637 2955 temporibus

471 2981 713 3078 praeualuisse
740 3006 821 3052 cum
841 2981 1005 3072 doceant,
1029 2981 1066 3054 id
1088 3007 1161 3079 quo
1182 2979 1286 3054 modo
1310 2980 1443 3054 factum
1464 2981 1509 3054 sit
1531 3005 1636 3054 nemo

470 3103 544 3176 fere
562 3103 709 3176 euoluit.
736 3107 810 3176 lam
830 3131 915 3177 uero
938 3105 1085 3203 quidam
1123 3106 1160 3177 in
1186 3106 1318 3178 multas
1351 3105 1579 3179 difficultates
1605 3119 1639 3178 et

471 3227 658 3326 angustias
684 3227 763 3300 ideo
785 3229 928 3301 adducti
960 3242 1057 3319 sunt,
1088 3231 1184 3329 quod
1203 3244 1264 3303 aut
1291 3257 1367 3330 qua
1386 3242 1505 3303 cetute
1522 3230 1638 3303 forma

472 3378 634 3452 quaeque
653 3366 688 3425 et
706 3379 833 3425 sensus
853 3353 1042 3451 uiguisset,
1070 3368 1131 3427 aut
1157 3382 1248 3454 quae
1271 3371 1364 3428 esset
1395 3381 1479 3428 uera
1512 3355 1642 3429 Latini

465 3475 662 3576 participii
692 3490 840 3567 nutura,
867 3477 1039 3550 nonsatis
1064 3492 1196 3552 attente
1216 3493 1485 3578 reputauerunt.
1516 3482 1637 3580 ltaque

473 3603 558 3674 dum
612 3601 863 3700 coniungenda
908 3617 1094 3700 separant,
1118 3619 1120 3624 ’
1146 3604 1346 3701 separanda
1394 3605 1636 3703 coniungunt,

473 3716 669 3790 recentiora
687 3717 723 3819 in
743 3718 917 3790 rationem
942 3719 1136 3808 adducunt,
1153 3721 1431 3817 totagerundiui
1450 3747 1491 3794 ac
1502 3747 1638 3819 gerun-

474 3841 523 3914 dii
550 3840 640 3913 ratio
668 3843 874 3939 perturbata
900 3856 954 3916 est
978 3857 1013 3915 et
1036 3842 1239 3916 obscurata.
1377 3909 1381 3938 ,

525 3965 625 4058 Quae
642 3966 881 4039 consideranti
909 3967 997 4038 mihi
1015 3968 1190 4041 succurrit
1218 3969 1287 4041 alia
1304 3984 1339 4043 et
1358 3997 1403 4043 ex
1421 3985 1522 4068 parte
1544 3996 1639 4043 noua

475 4091 581 4163 huius
595 4091 646 4162 rei
664 4089 936 4188 inuestigandae
952 4105 987 4163 et
1005 4092 1251 4189 explanandae
1270 4095 1374 4184 ratio,
1403 4121 1487 4194 qua,
1510 4110 1549 4168 ut
1567 4121 1637 4168 non

508 4389 531 4439 1.
552 4387 719 4440 Gruodriss
736 4389 789 4438 der
807 4388 865 4452 oct.
882 4387 1018 4440 Gramm.
1040 4390 1075 4452 11,
1094 4403 1121 4453 p.
1137 4391 1218 4442 u-at.

507 4469 532 4518 2.
557 4467 787 4531 Vercletchecde
801 4469 957 4530 syntax...
975 4481 1004 4526 11,
1022 4484 1051 4534 p.
1071 4470 1129 4520 489.

506 4549 532 4598 3.
552 4547 639 4598 Esset
655 4547 690 4598 cte
707 4549 902 4612 sc'macttque,
920 4563 950 4613 p.
971 4550 1021 4611 503
1040 4553 1067 4600 et
1078 4549 1237 4601 Me'motres
1248 4549 1283 4601 de
1296 4550 1324 4602 la
1337 4551 1450 4604 Societe'
1466 4552 1502 4603 de
1518 4553 1641 4618 linquis·

477 4628 557 4692 tt'que
570 4628 605 4678 de
617 4627 714 4690 Paris,
731 4631 752 4677 t.
771 4640 829 4685 vni,
846 4641 872 4690 p.
888 4629 945 4679 307.

507 4708 532 4757 4.
552 4707 650 4758 Reuue
666 4707 803 4770 critique,
817 4719 835 4764 r,
853 4721 882 4770 p.
899 4708 939 4759 ts.

508 4785 533 4832 5.
554 4784 712 4844 Luaaarorr,
726 4782 747 4832 l.
766 4783 784 4832 t.

508 4863 533 4912 6.
555 4863 595 4912 be
627 4863 750 4925 Ortqtne
773 4875 807 4912 ac
839 4861 872 4912 ui
899 4861 1083 4927 primtpcnia
1111 4863 1254 4926 cerundii
1284 4867 1311 4916 et
1337 4866 1501 4929 perundiui
1540 4868 1637 4920 latini.

479 4941 593 5005 Upsala‚
613 4941 683 4992 1900.
