3534 5342
534 654 578 698 na
604 651 791 700 eununmw
814 651 943 698 ennena
1088 709 1094 724 ρ
1306 645 1325 705 9

158 873 294 948 lormae
322 875 459 949 actiuae
489 890 524 950 et
553 875 690 950 mediae
719 899 791 949 non
819 889 958 949 tantum
980 875 1017 947 in
1037 875 1149 949 uerbo
1176 876 1321 975 proprie

158 990 252 1062 dicto
268 991 464 1082 inuenitur,
482 993 544 1066 sed
560 993 605 1066 ad
620 991 847 1094 participium
862 992 969 1064 etiam
985 993 1206 1065 extenditur:
1225 993 1322 1092 quod

159 1119 213 1178 est
231 1107 276 1178 ad
295 1118 375 1205 φέρω
395 1119 540 1206 φέρομαι,
562 1109 629 1181 hoc
651 1121 706 1180 est
727 1108 772 1180 ad
792 1119 890 1204 φέρων
914 1115 1089 1206 φερόμενος.
1113 1108 1213 1200 Quae
1240 1133 1322 1180 cum

158 1221 206 1293 ita
233 1221 318 1312 sint,
348 1223 473 1321 quidni
493 1238 527 1296 et
552 1223 590 1294 in
612 1222 801 1321 participio
818 1223 943 1295 Latino
962 1223 1058 1296 idem
1084 1237 1261 1314 seruetur,
1285 1237 1325 1296 ut

159 1338 317 1436 quaesit
338 1339 428 1411 ratio
452 1338 552 1411 uerbi
568 1339 697 1412 uoluor
722 1339 767 1412 ad
785 1331 904 1428 ¹uelato,
926 1339 1051 1412 eadem
1078 1339 1123 1411 sit
1145 1339 1323 1436 participii

128 1547 130 1551 Ι
161 1453 357 1526 uoluendus
394 1455 439 1527 ad
470 1455 637 1527 uoluens?
657 1455 734 1528 Hoc
766 1468 801 1528 et
831 1468 978 1553 propter
1002 1455 1148 1528 Latinae
1181 1455 1325 1553 linguae

160 1593 242 1640 oum
262 1569 333 1641 illis
350 1571 643 1643 communitatem
663 1571 753 1643 ratio
774 1571 971 1661 suadet,·et
991 1584 1030 1643 ut
1049 1570 1121 1643 iam
1138 1571 1325 1644 ostendam

161 1684 362 1782 priscorum
380 1686 513 1784 scripta
532 1699 720 1758 testantur.

209 1819 245 1910 2)
283 1819 374 1892 Sunt
402 1819 499 1891 enim
528 1819 565 1890 in
603 1819 729 1892 Latino
762 1845 928 1893 sermone
965 1819 1100 1892 formae
1132 1821 1322 1918 quaedam,

159 1934 325 2033 equibus
345 1935 587 2032 gerundiuum
606 1933 708 2006 initio
729 1935 1076 2034 participiumluisse
1095 1936 1203 2008 medii
1223 1937 1324 2010 uerbi

160 2048 282 2148 colligi
317 2063 448 2148 potest.
485 2051 556 2124 Sed
590 2076 713 2124 earum
747 2051 791 2124 de
820 2077 927 2124 sensu
960 2065 1152 2151 antequam
1190 2052 1326 2125 dissero

161 2165 304 2238 uidetur
319 2166 442 2264 paucis
461 2167 505 2240 de
521 2192 672 2239 numero
688 2166 894 2239 dicendum.
912 2167 1003 2239 Nam
1019 2168 1080 2267 qui
1099 2193 1181 2240 eum
1197 2193 1327 2240 nume-

159 2306 254 2370 rum,
272 2281 362 2354 duce
378 2282 519 2354 Dosson
534 2283 559 2372 ¹,
575 2281 662 2354 satis
677 2280 837 2380 amplum
855 2282 1053 2380 proferunt,
1075 2308 1148 2354 non
1163 2283 1250 2355 satis
1264 2296 1326 2354 aut

160 2395 241 2494 quis
256 2422 436 2496 quamque
455 2397 609 2469 formam
627 2397 781 2494 scriptor
795 2397 976 2495 praebeat,
998 2412 1060 2469 aut
1076 2423 1147 2496 quo
1164 2423 1327 2496 quaeque

161 2536 229 2583 usu
252 2511 476 2602 adhibeatur,
501 2512 743 2609 distinguunt.
765 2511 840 2584 Nos
862 2513 924 2612 qui
944 2513 1230 2611 antiquissimam
1252 2513 1325 2584 uim

160 2626 353 2724 gerundiui
371 2628 578 2726 quaerimus
598 2640 633 2700 et
647 2641 798 2700 aetatem
821 2628 927 2701 unius
946 2628 1118 2728 cuiusque
1138 2627 1274 2700 lormae
1293 2640 1328 2700 et

161 2767 308 2815 sensum
332 2742 523 2841 diligenter
542 2743 930 2846 attenderedebemus.
958 2745 1051 2816 Nam
1078 2769 1158 2816 cum
1189 2769 1326 2841 gerun-

160 2857 286 2930 diuum
314 2859 446 2931 multas
475 2884 564 2932 aeuo
590 2857 818 2955 significandi
848 2859 1111 2932 uicissitudines
1138 2872 1326 2956 expertum

161 2972 220 3063 sit,
242 2974 285 3047 de
306 2974 383 3047 eius
403 2975 440 3046 ui
460 2973 676 3072 primigenia
697 2999 768 3046 non
795 2975 918 3047 eadem
939 2975 1131 3048 auctoritas
1153 2975 1270 3046 Plauti
1292 2987 1326 3046 et

160 3089 322 3161 Lactanti
340 3090 483 3187 scriptis
501 3090 691 3162 tribuenda
711 3103 776 3161 est.
793 3090 915 3188 ltaque
929 3116 949 3162 a
964 3090 1171 3189 quaestione
1182 3089 1325 3162 interim

159 3206 399 3279 remouendae
420 3205 590 3278 uidentur
605 3204 741 3276 formae
758 3218 796 3277 ut
813 3220 895 3278 suut
915 3204 1166 3278 adolescendus
1182 3205 1195 3246 2
1211 3206 1255 3277 Α.
1278 3206 1323 3277 G.

159 3319 270 3392 Noct.
303 3322 380 3393 Att.
415 3330 517 3410 x.1o,
547 3320 819 3393 circumeundos
843 3323 946 3393 Varr.
975 3321 1022 3392 R.
1045 3321 1091 3393 B.
1123 3348 1170 3410 ιιι,
1204 3321 1323 3410 ι6.3ι,

160 3433 500 3508 circumtt'nniendus
529 3437 634 3507 Varr.
663 3434 711 3506 R.
744 3436 792 3507 R.
822 3463 871 3526 m,
906 3437 1011 3509 1630
1046 3439 1153 3534 (quae
1180 3436 1325 3534 quidem
1349 3513 1351 3518 ,

159 3551 349 3624 transitiua
363 3577 436 3625 uox
451 3557 516 3647 est)
522 3607 531 3642 ,
537 3550 840 3651 storesceodusC.
853 3554 880 3623 l.
898 3552 938 3622 L.
952 3578 1009 3651 rp.
1029 3552 1113 3649 317,
1127 3550 1325 3623 nascendus

158 3667 204 3738 A.
226 3667 271 3739 G.
292 3667 342 3741 N.
362 3668 440 3739 An.
464 3694 512 3759 m,
540 3693 635 3765 10.7,
657 3667 1012 3740 renascendusVarr.
1032 3667 1129 3765 apud
1148 3667 1239 3764 Aug.
1269 3667 1326 3738 De

159 3781 229 3855 eiu.
243 3781 314 3854 Dei
326 3784 450 3872 22.28‚
464 3783 696 3881 nauigandum
716 3783 801 3882 Ulp.
818 3783 908 3879 Diq.
928 3811 977 3874 ιι,
990 3809 1025 3880 9,
1047 3809 1078 3873 1,
1094 3773 1325 3855 senescendus

160 3983 356 3992 ..n—a·—
359 3985 1325 3996 mm*

192 4119 216 4169 l.
236 4119 357 4177 Dosson,
376 4133 403 4169 o.
423 4132 449 4170 o.
477 4132 506 4183 p.
527 4119 607 4192 ¹3³36,
627 4118 758 4169 hoscum
778 4118 913 4182 exemplis
931 4120 1081 4183 proponit:
1103 4116 1326 4175 Commotenda,

159 4194 357 4259 coloquenda,
376 4194 551 4259 deserenda,
569 4195 746 4258 adferenda,
771 4194 963 4253 scribundus,
987 4193 1209 4253 adolescendo&
1231 4195 1327 4244 circu-

158 4272 323 4326 meundos,
359 4271 672 4328 circumttunieudus,
708 4270 924 4333 florescentes,
962 4270 1127 4327 labentius,
1161 4269 1326 4328 oriundus,

157 4348 336 4404 nascendus,
349 4347 560 4403 renascendus,
575 4345 777 4410 nauigandus,
789 4345 960 4410 placendos,
971 4345 1153 4410 pereundus,
1166 4345 1325 4402 sccundus.

158 4420 366 4480 senescendus,
396 4420 596 4477 tabescendus,
624 4423 794 4472 uoluendus
808 4435 818 4481 ‚¹
835 4421 937 4484 quibus
963 4421 1011 4472 alii
1036 4421 1142 4472 addunt
1164 4419 1325 4481 adolenda,

159 4496 304 4553 larunda,
323 4499 482 4556 rotundus,
498 4496 647 4556 calendae,
666 4501 751 4548 eet...
770 4496 812 4548 cs.
833 4499 972 4554 Pnnssou,
987 4497 1010 4546 t.
1028 4498 1048 4548 t.
1069 4511 1094 4560 p.
1112 4498 1153 4547 91.

191 4576 216 4626 2.
238 4576 384 4626 Praeterea
404 4578 432 4625 in
455 4575 577 4638 capitulo
594 4577 713 4640 prolato,
735 4578 797 4628 scil.
820 4578 963 4627 «Praeter
979 4577 1033 4627 hoc
1050 4577 1160 4626 modum
1179 4590 1241 4627 esse
1259 4577 1328 4628 dicit

159 4661 297 4701 summum
310 4650 497 4701 adolescendi
507 4651 622 4701 humani
634 4653 758 4714 corporis
769 4657 874 4714 septem
886 4652 971 4715 pedes
979 4670 991 4698 ι
1003 4653 1122 4702 tortasse
1138 4651 1326 4702 adolescendi

159 4730 203 4775 est
218 4727 396 4788 gerundium.
428 4725 469 4775 ct.
499 4727 622 4784 Ριιιιτιι,
645 4726 729 4790 Capt.
750 4729 806 4778 85‘2.
828 4743 839 4771 ι
858 4725 1047 4778 Nominandi
1061 4727 1179 4776 istorum
1206 4726 1257 4775 tibi
1274 4728 1328 4776 erit

159 4803 250 4864 magis
265 4815 346 4864 quam
364 4802 477 4851 edundi
500 4803 593 4864 copia.
613 4820 625 4849 u
639 4829 668 4838 -
684 4799 764 4858 Item,
785 4803 813 4850 in
831 4801 962 4852 hocloco
980 4802 1114 4853 Varronis
1133 4818 1145 4848 ι
1164 4802 1251 4851 Fumo
1269 4802 1325 4852 leni

159 4876 499 4939 circumeundocogunt
515 4890 562 4925 eas
584 4877 635 4938 (sc.
657 4877 734 4940 apes)
754 4879 858 4927 intrare
875 4893 904 4933 ι),
921 4876 1136 4927 circumeundo
1160 4877 1228 4925 milri
1251 4877 1325 4926 idem

159 4952 269 5003 uidetur
286 4964 347 5002 esse
360 4954 441 5016 atque
458 4967 470 4997 ι
489 4952 574 5002 Fumo
592 4952 646 5002 teni
657 4953 730 5003 dum
745 4953 944 5009 circumeunt,
958 4955 1074 5015 cogunt.
1084 4990 1105 5002 ..
1126 4969 1139 4998 ι
